2113 3440
203 166 323 220 530

324 304 634 381 Exempla
681 322 759 358 ex
804 300 986 358 India
1033 297 1333 359 orientali
1377 300 1553 360 illata
1599 296 1824 385 Museo

190 406 528 468 Bloclziano
575 404 699 460 duo
730 402 941 480 priora
966 423 1000 458 a
1044 400 1233 458 scutis
1261 401 1410 458 inde
1435 405 1820 462 mentalibus

187 508 299 568 sub
344 521 571 565 ventre
618 504 1017 583 squamarum
1062 504 1273 560 multo
1319 503 1664 578 majorum,
1722 527 1822 564 ro-

187 607 737 667 tundiuscularum
791 624 906 682 193
937 603 1160 662 seriem
1204 604 1536 685 gerebant:
1583 607 1656 663 ab
1699 629 1822 667 ano

185 711 260 767 ad
306 709 548 787 apicem
594 707 820 766 caudae
847 707 1133 786 squamae
1184 722 1215 776 5
1254 721 1507 764 tantum
1544 707 1821 766 aderant:

181 810 429 869 vicinae
475 810 575 867 his
620 809 867 868 ventris
908 809 1263 886 caudaeque
1294 807 1582 886 squamae
1630 811 1820 869 etiam

182 910 451 987 majores
499 925 561 969 et
603 910 1124 970 rotundiusculae
1167 910 1349 967 sunt:
1395 909 1556 968 dorsi
1580 932 1733 969 vero
1759 927 1823 969 et

135 1030 137 1032 ·
175 1015 449 1071 laterum
481 1013 924 1094 sexangulares
964 1012 1268 1071 minores,
1315 1012 1502 1069 Oculi
1528 1012 1815 1071 minimi:

177 1116 400 1195 lingua
456 1114 683 1188 incisa,
764 1116 953 1172 nullo
1005 1114 1222 1172 colore
1284 1113 1518 1171 tincta:
1590 1114 1814 1173 dentes

176 1217 511 1294 utriusque
579 1216 885 1274 maxillae
959 1214 1303 1294 superioris
1369 1230 1429 1272 et
1484 1213 1815 1274 inferioris

177 1317 398 1375 exiles.
490 1322 734 1395 Corpus
781 1317 1125 1394 supernum
1171 1331 1469 1375 ornatum
1514 1316 1665 1374 serie
1711 1337 1816 1398 ge-

175 1419 349 1477 mina
393 1421 789 1476 macularum
835 1417 1169 1490 majorum,
1218 1418 1665 1493 quadratarum
1710 1420 1817 1477 vel

176 1518 826 1589 rotundiuscularum‚
857 1516 1435 1582 caerulescentium,
1462 1517 1652 1574 lineis
1673 1518 1816 1574 lon-

176 1619 645 1700 gitudinalibus
674 1633 737 1674 et
762 1614 1132 1674 transversis
1157 1615 1612 1690 separatarum:
1659 1637 1814 1672 ven-

172 1720 290 1778 tris
336 1719 542 1776 lineae
574 1714 964 1776 transversae
1001 1713 1493 1773 caerulescentes
1532 1714 1813 1789 latioreS‚

174 1820 480 1899 quaedam
512 1832 765 1891 coeunt,
801 1818 960 1875 aliae
991 1816 1271 1874 invicem
1297 1814 1355 1872 se
1387 1829 1810 1893 praetereunt.

170 1921 434 1981 Fundus
483 1935 616 1978 erat
662 1919 920 2000 griseus,
966 1916 1140 1975 infra
1188 1937 1267 1974 ex
1313 1917 1458 1975 albo
1491 1917 1809 1991 flavicanS‚

169 2043 392 2102 margo
417 2022 815 2099 squamarum
840 2020 1239 2098 superiorum
1274 2039 1352 2075 ex
1378 2017 1527 2076 rufo
1561 2017 1807 2089 fuscus;

172 2138 361 2201 caput
392 2122 580 2181 scutis
615 2144 648 2200 9
684 2136 956 2180 tectum:
1001 2120 1268 2177 maxilla
1314 2118 1580 2177 inferior
1613 2124 1806 2197 paulo

171 2224 445 2282 brevior.
567 2225 861 2281 Alterum
946 2224 1316 2299 exemplum
1401 2220 1807 2281 subcaudales

168 2325 567 2404 squamarum
613 2324 794 2382 series
839 2328 907 2397 6,
977 2338 1038 2380 et
1090 2325 1368 2381 maculas
1413 2324 1684 2381 laterum
1728 2325 1807 2382 li-

169 2427 309 2484 neis
357 2424 548 2484 fuscis
577 2425 884 2505 separatas
930 2424 1212 2483 habebat.
1276 2430 1633 2501 Utrumque
1662 2424 1806 2499 jux-

168 2543 228 2585 ta
275 2529 550 2585 maculas
596 2526 864 2601 majores
910 2528 1242 2585 minorum
1285 2524 1503 2582 seriem
1550 2526 1805 2604 gerebat

167 2628 550 2705 inscriptam.
642 2629 929 2688 Tertium
989 2642 1052 2684 et
1110 2640 1403 2706 quartum
1450 2622 1802 2684 castaneum

168 2731 558 2787 macularum
605 2731 882 2787 colorem
927 2729 1119 2787 lineis
1168 2743 1304 2785 atro
1352 2725 1536 2783 fuscis
1586 2723 1799 2784 distin-

170 2846 342 2888 ctum
402 2829 682 2909 gerebat:
746 2830 815 2887 in
875 2845 1098 2908 quarto
1171 2843 1396 2888 venter
1470 2826 1797 2901 albicabat,

169 2946 233 2987 et
278 2931 456 3004 juxta
510 2932 787 2988 maculas
848 2934 1135 2989 laterales
1194 2929 1498 3006 utrinque
1545 2949 1799 3006 appare-

167 3031 275 3086 bat
323 3031 500 3089 series
550 3031 853 3088 continua
899 3033 1225 3091 minorum
1268 3030 1658 3087 macularum
1711 3031 1796 3087 al-

166 3130 481 3204 bentium,
528 3152 683 3213 quae
728 3132 967 3193 taeniae
999 3131 1266 3213 speciem
1305 3129 1652 3188 imitantur.

1632 3235 1793 3290 Lau-
