2113 3440
823 144 1216 223 ----‘---
1736 194 1853 252 137

232 333 316 394 tis
371 329 638 391 Nilotici
702 331 1004 389 crocodili
1072 333 1231 390 bene
1289 331 1635 391 convenire
1690 337 1855 390 Lau—

233 433 440 492 rentio
489 453 626 489 cum
677 432 1201 502 Blumenbachio3
1248 434 1311 490 in
1364 434 1717 490 americano
1757 455 1857 489 ca·-

227 546 344 613 put
387 532 805 604 imbricatum‚
874 533 1134 611 planum
1192 534 1578 612 nuchamque
1621 533 1857 589 nudam

232 631 503 688 retinuit
552 632 1099 704 Blumenbachius,
1146 649 1358 690 contra
1413 632 1735 709 duplicem
1772 631 1859 687 se-

231 729 390 788 riem
425 731 778 788 carinarum
809 731 1144 803 dorsalem,
1190 754 1300 810 per
1329 732 1585 789 caudam
1632 752 1870 787 excuroe

228 846 492 902 rentem,
533 852 853 909 unamque
899 832 1226 888 lateralem
1273 845 1416 891 ante
1463 830 1721 887 caudam
1753 830 1856 887 de-

230 930 582 1003 ficientem,
645 931 916 988 limbum
963 923 1220 988 crurum
1267 927 1648 1008 pofiicorum
1702 929 1854 986 cari-

230 1046 485 1102 natum,
532 1045 591 1087 et
637 1031 874 1109 digitos
923 1031 1220 1108 utrinque
1268 1030 1498 1107 quinos
1543 1029 1857 1110 unguicu-

230 1131 429 1203 latOS,
473 1127 843 1209 posteriores
889 1132 1233 1207 palmat08‚
1294 1128 1513 1187 omisit.

361 1230 793 1298 Laurentium,
842 1249 1201 1305 quanquam
1247 1249 1380 1285 non
1426 1228 1852 1302 nominatum,

228 1329 477 1386 secutus
525 1326 743 1385 Gallus
790 1331 885 1383 De
944 1328 1005 1384 la
1066 1327 1336 1404 Cepede,
1409 1328 1570 1385 miro
1642 1348 1851 1385 errore

230 1427 534 1486 Sebanam
593 1426 891 1484 notitiam
951 1427 1385 1504 picturamque
1443 1428 1519 1485 ad
1584 1427 1858 1485 Linnaei

228 1528 529 1585 lacertam
598 1525 1110 1584 caudiverberam
1181 1526 1554 1599 transtulit,
1689 1542 1851 1600 τοῖο,

235 1628 406 1705 quod
453 1628 644 1701 ajunt,
694 1628 880 1708 caelo,
912 1626 1219 1684 diversam
1265 1647 1298 1684 a
1344 1647 1573 1707 genere
1636 1648 1857 1686 croco-

233 1729 531 1788 dilorum.
619 1729 836 1785 Plures
886 1722 1072 1782 etiam
1102 1726 1553 1784 Itineratorum
1597 1727 1854 1784 relatio-

231 1849 345 1886 nes
394 1826 750 1900 conjectura
794 1826 896 1883 sua
943 1826 1020 1883 ad
1063 1828 1222 1883 hanc
1251 1826 1512 1904 speciem
1561 1848 1593 1884 a
1632 1827 1690 1883 se
1730 1825 1851 1884 effi-

231 1944 397 1986 ctam
441 1927 782 2004 pertraxit,
846 1948 972 2004 quo
1018 1926 1183 1982 nihil
1228 1927 1399 1983 aliud
1445 1923 1676 1999 effecit,
1731 1925 1850 1985 nifi

230 2043 303 2085 ut
340 2047 611 2084 errorem
658 2028 976 2084 erroribus
1024 2029 1376 2084 cumularet
1424 2041 1486 2085 et
1546 2025 1852 2084 notitiam

230 2128 536 2186 Sebanam
595 2129 783 2204 plane
842 2127 1216 2184 obscuraret.
1306 2133 1474 2206 Quae
1550 2147 1694 2184 cum
1733 2118 1855 2203 'pi-

231 2243 407 2287 ctura
465 2227 590 2304 ipsa
637 2226 679 2283 fi
724 2248 869 2285 vera
918 2224 1030 2300 est,
1064 2280 1067 2282 .
1101 2227 1175 2284 de
1237 2249 1361 2305 quo
1397 2246 1556 2284 -non
1605 2227 1848 2298 dubim,

230 2329 354 2387 erit
413 2343 556 2385 ante
613 2330 1090 2404 Pentonychem
1147 2327 1379 2406 species
1436 2348 1603 2386 nova
1650 2329 1848 2384 collo-

231 2415 458 2500 canda,
529 2442 590 2484 et
635 2443 878 2505 praeter
923 2428 1167 2485 aurium
1208 2427 1516 2485 foramina
1566 2427 1848 2504 patentia

226 2529 497 2608 pedibus
523 2530 826 2606 utrinque
873 2529 1338 2607 pentadactylis
1386 2527 1847 2609 unguiculatiS,

226 2626 477 2708 posticis
524 2630 811 2706 palmatis
860 2626 1313 2708 distinguenda.

357 2730 575 2788 Civem
619 2718 799 2788 suum
844 2728 1117 2787 fideliter
1175 2729 1443 2807 ubique,
1521 2731 1708 2789 etiam
1755 2750 1849 2786 er-

222 2844 499 2912 rantem,
555 2829 802 2888 secutus
847 2829 1050 2887 Abbas
1096 2835 1488 2888 Bonnaterre
1529 2822 1599 2888 in
1644 2823 1842 2891 libro&

234 2935 295 2989 T
293 2930 509 2989 ableau
589 2927 1096 3013 encyclope'dique
1165 2945 1223 2988 et
1296 2931 1681 3008 methodique
1743 2929 1847 2986 des

230 3032 376 3088 trois
419 3030 634 3114 regnes
680 3031 752 3091 de
796 3031 855 3089 Za
901 3045 1137 3102 nature,
1180 3030 1435 3109 repetiit
1461 3029 1754 3088 notitiam
1785 3041 1846 3086 et

229 3127 538 3209 picturam
583 3130 920 3205 &eb-anam,
966 3132 1260 3190 lacertam
1306 3131 1501 3211 ipsam
1557 3128 1846 3190 Crocodi-

1715 3231 1845 3288 lum
