2113 3440
264 177 385 243 140
904 198 1304 224 --ιι---ι-ιιιι--τ-ω--ὼΔ

255 327 543 407 primum
586 326 882 387 omnium
940 327 1022 388 est
1088 329 1551 393 consideranda.
1641 334 1780 392 Hoc
1823 331 1896 392 in

255 428 441 488 omni
487 450 718 510 genere
764 429 1031 508 superne
1088 431 1442 510 depressum
1498 449 1562 491 et
1605 436 1893 512 planum,

253 530 330 588 ab
377 530 618 604 oculiS,
681 531 886 590 orbita
931 532 1135 615 magis
1181 532 1525 613 minusque
1573 536 1892 593 eminente

253 630 518 704 cincti8‚
584 646 648 689 et
692 633 1015 717 palpebris
1063 634 1491 710 duriusculis,
1577 635 1893 715 superiore

250 730 388 791 fere
433 733 757 792 immobili
800 736 1022 804 tectis,
1089 736 1242 794 inde
1305 752 1368 794 et
1410 735 1648 796 frontis
1698 737 1893 797 confi-

249 834 379 895 niis
425 835 752 902 devexum
795 835 864 893 in
892 833 1161 895 rostrum
1191 859 1570 912 convexum,
1607 839 1889 897 diversae

250 951 313 994 et
338 936 772 1016 longitudinis
805 952 868 994 et
895 938 1262 998 latitudinis
1299 940 1593 1000 excurrit.
1641 941 1891 998 Utrius-

249 1058 374 1117 que
419 1037 748 1096 mensurae
795 1037 1119 1096 diversitas
1164 1041 1372 1098 veluti
1418 1041 1772 1099 orbitarum
1802 1041 1894 1096 di-

247 1134 472 1198 stantia
519 1153 584 1196 et
625 1160 846 1219 margo
893 1141 1095 1220 magis
1125 1140 1424 1199 minusve
1468 1142 1694 1214 elatus,
1743 1161 1889 1199 cum

248 1238 458 1298 forma
505 1240 907 1319 squamarum
952 1261 984 1298 a
1032 1238 1251 1298 fronte
1310 1240 1381 1299 in
1429 1242 1640 1300 medio
1687 1239 1886 1300 rostro

246 1341 327 1399 acl
369 1339 655 1414 narium,
701 1340 772 1398 in
813 1355 1110 1399 'extremo
1159 1355 1220 1398 et
1248 1341 1461 1398 medio
1509 1338 1705 1399 rostro
1746 1341 1886 1399 [ita-

245 1462 410 1514 rum,
454 1463 591 1499 non
635 1440 1030 1514 lateralium,
1073 1442 1346 1499 mollem
1393 1456 1455 1498 et
1501 1444 1738 1499 elatum
1786 1464 1889 1500 or-

242 1544 564 1615 biculum,
611 1542 1087 1601 decurrentium
1134 1540 1491 1601 certiffimas
1539 1543 1886 1621 specierum

242 1659 432 1705 notas
477 1644 797 1723 praebent.
887 1641 1156 1708 Aurium
1215 1645 1518 1720 opercula
1573 1644 1885 1726 cartilagi-

241 1767 393 1820 nea,
461 1745 586 1804 toti
647 1742 868 1825 generi
924 1742 1289 1801 communia
1360 1741 1475 1800 effe
1551 1744 1883 1817 videntur,

242 1867 607 1928 quanquam
654 1864 733 1903 ex
771 1843 1063 1903 Menckii
1094 1842 1513 1921 descriptione
1561 1844 1636 1902 de
1672 1867 1884 1904 croco-

240 1949 376 2008 dilo
424 1942 797 2029 longiroftri
842 1943 1126 2003 dubitari
1151 1943 1318 2022 pofi'e
1348 1943 1624 2006 videtur.
1719 1952 1883 2007 Con-

238 2063 340 2109 tra
384 2047 703 2108 foramina
746 2045 1093 2120 frontalia,
1124 2092 1126 2094 -
1158 2043 1293 2124 post
1339 2048 1558 2104 oculos
1604 2044 1750 2120 fita,
1818 2063 1879 2105 et

240 2149 495 2210 aurium
556 2148 817 2208 cavitati
883 2146 1366 2227 respondentia,
1439 2161 1580 2205 cute
1654 2147 1878 2224 capitis

239 2252 570 2312 communi
614 2266 799 2323 tecta,
845 2250 948 2307 secl
991 2249 1211 2307 manui
1254 2247 1433 2330 ligno
1480 2246 1735 2306 ferrove
1780 2270 1875 2306 ar-

236 2369 445 2413 matae
492 2367 556 2411 et
600 2352 882 2423 tentanti
925 2351 1175 2410 sensum
1205 2350 1300 2408 sui
1344 2348 1653 2421 facientia,
1700 2372 1876 2427 prae-

236 2456 452 2515 sertim
497 2454 567 2512 in
592 2453 957 2530 junioribus
1001 2452 1313 2531 exemplis
1351 2451 1599 2529 liquore
1645 2451 1870 2508 vinoso

237 2555 536 2627 conditis,
586 2554 869 2612 diversae
915 2569 978 2612 et
1023 2553 1268 2613 formae
1315 2566 1378 2609 et
1404 2549 1868 2631 magnitudinis

236 2658 386 2716 sunt
431 2656 500 2713 in
546 2653 802 2714 diverfis
849 2654 1206 2734 speciebus;
1278 2673 1403 2710 una
1451 2652 1638 2709 etiam
1682 2653 1871 2728 plane

234 2756 316 2816 iis
363 2771 548 2816 caret.
640 2757 944 2815 Latitudo
985 2756 1142 2814 scuti
1184 2752 1483 2813 frontalis
1522 2774 1665 2810 cum
1710 2773 1874 2808 mar-

234 2858 384 2940 gine
430 2857 858 2931 maxillarum,
903 2858 1103 2937 magis
1135 2857 1430 2915 minusve
1465 2852 1871 2932 prominente

235 2975 301 3018 et
333 2957 539 3032 crassb,
589 2959 938 3036 comparati
966 2958 1169 3033 major
1211 2955 1501 3014 minorve
1549 2950 1647 3011 est.
1695 2959 1869 3012 Den-

233 3075 330 3120 tes
368 3059 601 3119 exserti
642 3059 1015 3138 pectinatim
1060 3059 1118 3117 se
1158 3054 1453 3135 stipantes
1480 3100 1496 3126 ‚
1542 3054 1612 3111 in
1658 3055 1866 3112 radice

232 3160 388 3234 cavi,
436 3159 653 3244 generi
693 3160 834 3234 toti,
877 3160 972 3218 uti
1003 3158 1273 3230 videtur,
1323 3176 1712 3227 communes,
1750 3178 1868 3212 nu-

1677 3277 1855 3320 mero
