2113 3440
1654 185 1770 243 193

161 329 408 392 Animal
455 325 621 381 inter
647 323 910 381 lacertas
957 336 1019 379 et
1065 340 1298 401 angues
1323 321 1605 379 medium
1635 342 1774 380 cen·

162 432 286 490 suit
331 441 392 484 et
433 431 801 485 Scincorum
847 422 1065 503 generi
1108 441 1272 479 recte
1316 421 1579 480 inseruit
1623 427 1776 481 Gro—

166 530 415 587 novius,

287 625 594 685 Notitiam
654 621 826 681 istam
883 626 1181 679 Lacertae
1251 622 1521 679 chalcidi
1588 622 1776 680 trida-

159 729 370 804 ctylae
434 728 597 783 male
654 725 976 805 Linnaeus
1036 722 1501 779 accommodare
1545 724 1775 784 voluit.

161 828 369 887 Postea
441 832 708 883 Batavus
775 823 1064 884 Vosmaer
1132 823 1427 877 lacertam
1505 840 1835 879 venirem·

165 929 399 985 dictam
447 924 828 1003 publicavit,
891 944 968 979 ex
1015 922 1250 981 vicinia
1298 920 1534 997 Capitis
1583 920 1783 978 bonae

164 1028 295 1104 spei
382 1025 604 1084 Nluseo
691 1023 1006 1098 Principis
1078 1020 1439 1079 Aurantiaci
1514 1019 1782 1092 illatam,

163 1127 393 1202 scripto
455 1125 624 1180 edito
688 1143 856 1179 anno
912 1135 1074 1194 1774
1134 1116 1575 1202 (Description
1632 1121 1786 1177 d’un

169 1226 408 1284 Lazard
435 1220 726 1305 -serpent
771 1236 827 1278 ec
872 1222 1022 1275 d'un
1069 1220 1502 1295 Lezczrd-ver)
1549 1220 1651 1275 cui
1698 1218 1791 1295 pi-

168 1323 532 1381 cturarsatis
582 1320 747 1376 mala
794 1315 1044 1375 accessit.
1098 1317 1250 1376 'Sed
1299 1317 1352 1375 is
1399 1319 1701 1396 Imperati
1730 1332 1792 1375 et

167 1423 312 1482 Fab.
371 1421 715 1478 Columnae
762 1417 1108 1474 chalcidem
1155 1419 1454 1473 lacertam
1498 1437 1633 1474 non
1678 1417 1794 1474 mi-

169 1542 293 1580 nus
354 1522 517 1578 male
579 1519 656 1575 de
719 1517 820 1577 sua
878 1519 1109 1574 lacerta
1172 1516 1628 1594 interpretatus
1694 1513 1793 1575 est.

174 1621 428 1681 Rectius
491 1634 703 1675 tamen
762 1617 1242 1676 Gronovianum
1304 1617 1584 1674 scincum
1631 1637 1797 1673 com-

167 1722 436 1799 paravit:
483 1740 603 1797 qua
649 1719 726 1775 de
778 1738 843 1774 re
868 1718 1068 1773 lector
1092 1717 1218 1792 ipse
1264 1736 1344 1773 ex
1375 1716 1604 1774 notitia
1634 1715 1798 1790 judi-

175 1823 360 1894 cabit,
409 1839 598 1897 quam
641 1819 765 1873 huc
808 1814 1198 1873 transferam.

307 1922 495 1978 Color
554 1915 835 1992 corporis
895 1915 1150 1992 superni
1209 1932 1286 1970 ex
1345 1912 1518 1972 fusco
1590 1913 1797 1987 rufus,

180 2041 370 2100 quem
414 2018 702 2094 squamae
749 2036 989 2091 parvae,
1036 2030 1277 2086 tenue3‚
1324 2017 1551 2086 laeves,
1579 2015 1798 2071 imbri-

183 2120 366 2179 catim
412 2115 555 2174 sitae
601 2114 864 2173 maculis
908 2114 1366 2194 nigricantibus
1393 2116 1505 2171 vel·
1531 2114 1801 2172 saturate

181 2219 371 2277 fuscis
415 2218 584 2274 belle
631 2215 988 2294 variegant:
1061 2212 1306 2271 inferni
1365 2215 1537 2272 color
1585 2236 1804 2292 corpo-

183 2320 271 2377 ris
312 2303 389 2375 ex
435 2317 634 2398 griseo
683 2315 926 2372 albicat.
1016 2320 1216 2393 Caput
1251 2330 1476 2372 trunco
1522 2317 1799 2392 aequale,

185 2439 518 2499 parumper
566 2400 940 2494 depressum-z
1014 2417 1235 2495 lingua
1275 2416 1620 2494 dentesque
1666 2436 1803 2474 non

187 2533 504 2598 apparent:
551 2518 799 2576 aurium
845 2515 1155 2573 foramina
1195 2516 1485 2589 rotunda,
1531 2494 1597 2573 in
1634 2531 1802 2574 recta

187 2621 356 2679 linea
416 2620 540 2678 oris
598 2618 704 2677 fita
764 2638 982 2696 parum
1029 2616 1102 2675 ab
1149 2636 1220 2675 eo
1267 2613 1504 2675 distant.
1609 2618 1805 2676 Pedes

192 2736 460 2800 quatuor
507 2720 748 2791 breves,
796 2733 1045 2790 teretes,
1092 2717 1356 2795 squamis
1389 2718 1655 2776 minutis
1693 2718 1808 2774 im-

191 2805 432 2906 bricati‚
481 2819 929 2899 pentadactyli‚
976 2818 1342 2898 unguiculis
1380 2820 1619 2897 parvi&
1674 2837 1809 2873 cur-

192 2906 329 2995 visj
377 2922 535 2980 albis
583 2922 813 3002 digitos
860 2920 1079 2977 breves
1127 2919 1546 2976 armantibus:
1618 2916 1810 2974 cauda

196 3022 544 3096 cylindrica
588 3022 656 3079 in
703 3041 962 3079 acumen
996 3019 1290 3077 obtusum
1315 3018 1554 3077 definit.
1601 3017 1810 3074 Fiam-

198 3141 267 3179 ra
310 3120 493 3198 supra
548 3124 655 3186 vel
711 3118 844 3200 post
905 3122 1123 3179 oculos
1171 3119 1517 3202 designavit
1560 3131 1812 3174 tantum

285 3226 366 3279 ΙΙ.
387 3256 416 3271 --
615 3288 618 3295 ¹
1087 3225 1147 3278 N·
1561 3218 1805 3275 scutum
