2113 3440
297 171 416 240 156

290 327 456 385 flavo
504 339 566 382 et
612 320 969 405 nigricante
1014 329 1290 400 mixtae,
1336 349 1404 386 ac
1448 329 1682 389 talibus
1731 332 1925 391 certi-s

289 420 653 485 intervallis
701 428 1030 485 exaltatae.
1119 428 1363 487 Ultima
1407 432 1634 490 caudae
1690 433 1921 491 medie·

291 542 386 587 tas
434 527 612 587 firma
659 529 857 606 pinna
904 528 1189 608 superius
1238 546 1439 589 erecta
1486 535 1561 590 ad
1597 532 1789 592 finem
1821 556 1926 594 us·-

293 647 414 709 que
461 630 671 688 dotata
700 627 799 702 est,
848 651 966 709 qua
1011 631 1182 688 inter
1215 633 1570 691 natandum
1616 635 1669 692 se
1702 637 1926 716 guber-

289 746 420 789 nat.
512 729 611 790 Est
650 746 877 789 ‘autem
943 733 1059 790 illa
1121 732 1321 811 pinna
1379 736 1600 794 multis
1647 737 1923 815 squamis

251 831 458 929 ¹quali
504 830 862 920 composita,
909 832 1058 893 flavi
1081 835 1316 913 coloris
1365 850 1426 892 et
1471 838 1790 919 eleganter
1824 861 1928 900 va-

288 934 522 1015 riegata
568 933 758 991 lineis
805 934 1287 1014 nigricantibUS.
1381 942 1544 996 Tota
1570 960 1759 1016 porro
1788 961 1926 999 cau-

290 1031 364 1092 da
412 1032 579 1113 quali
625 1034 884 1092 annulis
930 1034 1399 1114 nigricantibus
1460 1038 1771 1118 cingitur,
1835 1059 1926 1098 re-

288 1137 465 1215 liqua
512 1157 654 1214 pars
702 1134 1083 1211 interjacens
1134 1134 1215 1194 est
1260 1136 1450 1210 flava,
1521 1138 1746 1198 itidem
1807 1144 1928 1199 ele-

288 1238 589 1318 gantibus
637 1233 802 1295 striis>
841 1236 1306 1317 nigricantibus
1352 1239 1720 1299 intertexta.
1795 1247 1928 1301 Ova

288 1339 477 1416 ponit
523 1337 894 1418 gallinaceis
940 1336 1071 1396 fere
1117 1337 1385 1413 majora,
1445 1337 1681 1419 figurae
1725 1363 1925 1419 paene

289 1440 710 1516 cylindricae:
757 1434 970 1496 testam
1013 1438 1254 1495 habent
1300 1439 1525 1512 albam,
1572 1441 1923 1502 tuberculis

291 1539 459 1621 quasi
495 1538 878 1619 insignitam,
928 1537 1324 1597 durissimam.
1417 1541 1671 1618 Saepius
1706 1561 1782 1614 28
1815 1560 1923 1602 aut

290 1660 370 1715 >50
417 1643 488 1698 in
535 1661 670 1697 uno*
711 1640 867 1697 nido
924 1639 1238 1697 invenias.
1361 1642 1572 1700 Habui
1612 1644 1749 1717 sex,
1842 1645 1923 1703 se-

288 1757 494 1822 ptem,
542 1729 689 1798 octo
737 1739 929 1797 etiam
958 1760 1200 1798 noveni
1229 1741 1421 1817 pedes
1455 1744 1706 1822 longos.
1788 1751 1923 1804 Iuc-

288 1863 491 1922 usque
536 1841 1019 1922 Marcgravi1·18‚
1111 1839 1291 1916 eujus
1319 1885 1323 1888 <
1352 1842 1601 1900 utinam
1649 1845 1924 1925 diligen-

289 1947 442 2003 tiam
487 1944 773 2002 imitatus
822 1939 1032 2000 fuiffet
1077 1942 1346 2001 Bontius
1406 1958 1469 1999 et
1532 1945 1726 2002 ceteri
1779 1946 1925 2005 scri-

289 2063 507 2127 ptores
554 2043 844 2111 historiae
887 2043 1218 2102 Indiarum
1262 2044 1591 2104 naturalis.
1685 2049 1922 2106 Saltem

295 2150 579 2207 colorem
633 2145 840 2203 Indici
886 2145 1194 2202 crocodili
1250 2143 1648 2203 teneremus!
1738 2149 1923 2227 Quod

289 2269 445 2310 Vero
495 2260 683 2325 caput
728 2245 1089 2305 Americani
1133 2268 1165 2303 a
1223 2247 1624 2327 Marcgravio
1682 2247 1921 2307 'dicitur

288 2351 629 2431 paululum
674 2346 1104 2425 compreffum‘,
1151 2368 1219 2406 os
1262 2368 1415 2406 vero
1452 2347 1922 2409 subrotundum

290 2453 398 2512 seu
443 2451 660 2521 ovale,
720 2469 786 2507 ea
832 2448 995 2508 mihi
1040 2448 1263 2528 capitis
1311 2463 1495 2526 atque
1533 2449 1662 2506 oris
1710 2448 1920 2508 forma

290 2551 600 2610 diversam
660 2572 692 2608 a
750 2550 1073 2609 crocodilo
1153 2548 1461 2610 Plumerii
1544 2550 1918 2608 Americano

292 2651 559 2732 speciem
609 2672 870 2731 arguere
915 2651 1078 2709 mihi
1124 2652 1391 2710 videtur.

418 2736 811 2819 Jamaicenfi's
860 2752 1168 2811 crocodili
1213 2754 1567 2830 palmarum
1597 2751 1779 2809 binos
1816 2771 1922 2809 ex-

288 2855 552 2913 teriores
586 2852 821 2932 digitos
856 2855 1190 2931 palmatOS,
1238 2854 1481 2931 plantas
1511 2853 1922 2930 pentadacty·

289 2958 384 3015 las
431 2953 920 3032 semipalmatas‚
997 2954 1313 3014 exteriore
1368 2954 1670 3032 utrinque
1719 2952 1920 3034 digito

292 3045 466 3116 dixit
523 3062 683 3115 Patr.
730 3061 1009 3114 Browne
1055 3078 1117 3134 p.
1162 3061 1303 3130 461.
1365 3055 1473 3112 ubi
1516 3074 1651 3112 non
1693 3055 1917 3113 dubito

295 3157 523 3219 calami
569 3175 843 3215 errorem
890 3159 1245 3234 plantarum
1310 3157 1540 3237 digitos
1607 3158 1767 3215 ultra
1814 3178 1919 3214 re-

1777 3278 1919 3313 rum
