2113 3440
228 216 355 288 316

218 372 427 434 tribus
470 366 704 448 nigris,
759 364 978 427 subtus
1026 371 1552 432 caerulescentem
1597 373 1851 436 Surina-

214 491 390 532 mum
436 467 719 526 habitare
763 469 1086 543 narravit,
1130 474 1401 532 numero
1449 473 1848 554 squamarum

210 569 598 632 ventralium
633 572 772 642 126,
809 569 1284 630 subcaudalium
1329 578 1444 646 136
1493 575 1684 637 edito,
1731 584 1850 638 Na·

208 673 380 733 rium
439 684 759 749 praeterea
831 669 1150 731 foramina
1218 674 1528 754 utrinque
1593 680 1845 758 gemina

207 770 546 833 annotavit
604 787 665 829 et
727 772 1031 832 Sebanam
1077 775 1391 853 picturam
1436 782 1514 836 ΙΙ.
1565 779 1691 838 tab.
1742 802 1844 844 21·

203 873 309 954 fig.
339 890 394 949 4.
433 874 841 953 comparavit,
890 896 923 934 a
956 874 1248 935 Linnaeo
1279 878 1359 936 ad
1385 880 1843 961 meleagridem

203 978 482 1036 relatam.

330 1081 430 1135 Ex
464 1074 794 1134 Gronovio
840 1077 1143 1137 notitiam
1188 1077 1516 1140 Linna‘eus
1562 1081 1635 1140 in
1665 1082 1842 1162 prio-

198 1198 300 1238 res
331 1173 686 1255 systematis
716 1177 1050 1238 Editiones
1083 1181 1441 1256 transtulit,
1468 1181 1658 1242 fidem
1689 1185 1841 1243 alie·

199 1300 351 1338 nam
401 1275 759 1340 obtestatus.

325 1384 425 1438 Ex
487 1380 710 1438 eodem
757 1381 1125 1455 Gronovio,
1184 1403 1321 1442 non
1367 1386 1704 1446 nominato
1749 1401 1836 1446 ta-

193 1501 363 1552 men,
411 1500 669 1539 omnem
712 1482 1017 1539 notitiam
1075 1483 1379 1560 excerpsit
1422 1488 1834 1560 LaurentiuS,

191 1602 466 1661 anguem
520 1583 962 1663 longicaudam
1021 1602 1255 1641 vocans
1304 1604 1367 1661 p.
1416 1588 1514 1661 69,
1570 1608 1695 1665 quo
1759 1585 1832 1645 fi-

190 1681 400 1741 lentio
444 1680 510 1736 in
550 1701 826 1738 errorem
868 1681 1132 1738 induxit
1178 1683 1574 1755 Gmclinum,
1620 1685 1710 1743 ita
1755 1701 1830 1743 ut

188 1782 295 1840 hic
351 1800 622 1860 anguem
680 1780 1127 1859 longicaudam
1186 1802 1332 1841 cum
1377 1782 1653 1841 Linnaei
1696 1805 1830 1844 me·-

189 1876 468 1964 leagride
512 1878 669 1938 falso
709 1897 1138 1958 componeret.

313 1983 635 2041 Linnaeus
695 1980 767 2039 in
826 1978 1133 2061 postrema
1189 1982 1493 2042 Editione
1554 1987 1825 2064 patriam

186 2085 484 2164 Angliam
530 2082 776 2140 addidit
821 2105 965 2142 cum
987 2084 1271 2144 America
1297 2085 1646 2159 subjunctis
1680 2111 1819 2149 ver-

185 2187 316 2244 bis:
378 2190 464 2245 D.
507 2182 732 2244 Schene
765 2180 892 2271 mſj‘.
944 2205 1324 2258 120—-157,
1377 2181 1572 2269 miste.-
1653 2210 1816 2267 quae

182 2284 586 2363 interpretari
617 2284 868 2342 demum
910 2286 1127 2363 potui,
1171 2286 1568 2366 posteaquam
1597 2291 1816 2350 locum

181 2386 393 2464 reperi
425 2385 495 2442 in
533 2386 845 2443 Pennauti
877 2387 1192 2445 Itinerarii
1236 2389 1462 2449 Scotici
1506 2394 1708 2464 (Tour
1750 2395 1812 2451 in

185 2487 507 2548 Scottlcznd
539 2488 726 2563 1769)
773 2489 1157 2567 Appendice‚
1205 2504 1269 2547 et
1291 2491 1640 2570 Zoologiae
1673 2494 1809 2552 Bri-

182 2588 475 2646 tannicae
522 2589 662 2646 Vol.
710 2592 819 2647 III.
866 2611 925 2667 p.
980 2609 1079 2663 35,
1127 2592 1239 2650 ubi
1283 2594 1652 2668 exemplum
1691 2613 1809 2652 no-

179 2689 268 2761 vi,
312 2689 410 2745 uti
455 2686 719 2758 dicitur,
779 2693 1032 2770 anguis,
1101 2710 1173 2763 15
1219 2692 1482 2770 pollices
1530 2695 1804 2774 longum

103 2791 107 2801 ’
179 2791 278 2848 his
324 2789 535 2848 verbis
582 2789 976 2849 describitur:
1022 2796 1211 2870 Bessy
1259 2791 1380 2851 υἷε).
1425 2793 1633 2862 bluish
1660 2789 1802 2853 lead

181 2892 397 2962 color,
443 2888 697 2947 marked
746 2891 903 2950 with
950 2893 1139 2952 [male
1190 2893 1385 2953 white
1432 2893 1598 2971 spots
1644 2896 1802 2954 irre·-

177 2993 435 3069 gular1y
471 2989 774 3067 disposed.
867 2996 1002 3051 The
1048 2993 1164 3053 rest
1211 2993 1286 3052 of
1306 2996 1409 3052 the
1458 2995 1629 3071 body
1665 2995 1796 3055 ofa

175 3091 421 3171 grcyish
453 3089 681 3148 brown
711 3092 866 3149 with
901 3097 1077 3152 three
1123 3095 1560 3176 longitudinal
1593 3095 1796 3175 dusky

174 3191 375 3262 lines,
447 3211 569 3249 one
630 3193 980 3277 extending
1023 3194 1197 3256 from
1241 3197 1351 3254 the
1394 3196 1553 3254 head
1599 3199 1794 3278 along

1684 3300 1792 3355 the
