2113 3440
1713 170 1833 213 221

237 318 547 382 vatatam,
607 298 668 366 et
712 307 1180 379 vertebrarum,
1229 304 1403 384 spina
1447 308 1573 367 alta
1617 306 1841 369 instru-

235 430 503 481 ctarum,
551 423 613 465 et
647 409 943 487 utrinque
989 410 1170 465 valde
1217 409 1601 468 devexarum
1691 432 1839 469 con·-

229 512 410 570 venit
467 530 609 566 cum
664 507 866 566 forma
924 506 1203 584 corporis
1261 508 1583 585 compressi
1630 526 1690 566 et
1736 532 1842 569 an·-

229 606 405 690 gusti.
495 610 706 666 Cranii
752 606 868 666 offa
912 606 1152 686 lingula
1197 607 1494 684 inprimis
1540 610 1842 669 maxillae

229 710 542 768 firmiores
579 710 655 765 ad
689 707 824 768 vim
866 705 1170 781 majorem
1203 707 1463 764 idoneae
1508 709 1671 767 sunt.

373 808 673 867 Granium
747 828 890 865 cum
937 825 1010 868 12
1054 805 1361 865 vertebris
1410 823 1471 865 et
1514 806 1692 867 costis
1741 811 1844 868 ad-

219 909 660 980 .haerentibuS‚
707 908 1002 966 maxillas
1044 907 1250 979 etiam,
1293 906 1613 967 vertebras
1655 924 1717 966 et
1748 931 1848 968 co-

229 1008 344 1068 stas
393 1009 717 1086 separatim
763 1029 840 1064 ex
881 1007 1078 1084 specie
1123 1006 1342 1086 ignota
1371 1009 1701 1082 Ceylanica
1732 1012 1848 1067 hu-

229 1109 327 1185 jus
359 1109 607 1190 generis
641 1109 854 1186 pinxit
889 1106 1113 1165 Sebani
1138 1090 1437 1164 Thesauri
1465 1112 1526 1164 ΙΙ
1557 1109 1677 1166 tab.
1707 1128 1845 1182 103,

231 1210 336 1266 cui
379 1210 762 1266 limillimam
805 1207 992 1263 habet
1035 1207 1104 1262 in
1152 1207 1413 1263 Knorrii
1455 1208 1715 1267 Deliciis
1761 1210 1848 1267 fe-

228 1308 412 1364 lectis
458 1320 717 1363 naturae
763 1306 892 1365 tab.·
933 1311 1168 1376 LVIII,
1226 1321 1299 1362 ut
1342 1305 1718 1383 exscriptam
1763 1329 1844 1365 ex

228 1398 463 1464 Sebana
484 1406 752 1476 diceres,
798 1403 913 1460 nist
936 1405 1366 1461 vertebrarum
1397 1426 1429 1461 a
1476 1404 1650 1464 costis
1676 1407 1845 1485 sepa-

229 1519 504 1563 ratarum
551 1519 613 1561 et
658 1504 919 1581 desuper
968 1519 1030 1560 et
1077 1504 1150 1561 ab
1183 1502 1490 1561 inferiore
1523 1505 1846 1583 superficie

232 1605 847 1681 conspiciendarum,
918 1605 1168 1683 gemina
1211 1605 1454 1683 pictura
1510 1607 1845 1667 accessiffet.

232 1710 470 1763 Verum
524 1706 633 1760 has
694 1703 921 1781 figuras
984 1704 1186 1782 pictor
1253 1725 1367 1781 pro
1426 1726 1601 1762 more
1673 1704 1846 1766 istius

235 1804 476 1861 scholae
533 1800 1067 1880 Norimbergenfis
1113 1802 1347 1881 ineptis
1394 1806 1711 1863 coloribus
1757 1807 1847 1866 ita

234 1903 494 1968 oblevit,
541 1916 614 1957 ut
639 1903 838 1958 lineas
883 1917 1190 1960 extremas
1239 1900 1458 1960 ollium
1482 1902 1851 1984 formaeque

235 2001 435 2058 totius
484 2000 679 2057 cranii
709 2003 916 2058 multo
964 2002 1279 2060 difficilius
1307 2024 1494 2081 quam
1521 2004 1590 2062 in
1609 2006 1847 2065 Sebana

233 2102 476 2181 pictura
518 2101 826 2180 agnoscas·
1650 2169 1653 2171 ‚

363 2206 571 2260 Genus
612 2200 1082 2273 AliaepAfricae
1125 2218 1187 2261 et
1211 2205 1524 2264 Americae
1568 2228 1844 2267 commu-

195 2322 316 2383 ·ne
373 2301 715 2379 antiquitas
776 2323 989 2382 graeca
1042 2324 1119 2361 ex
1170 2302 1465 2364 fabulosis
1505 2323 1853 2368 nautarum

236 2417 298 2459 et
340 2403 646 2460 comitum
687 2404 1033 2461 Alexandri
1078 2407 1550 2467 narrationibus
1605 2408 1844 2469 novisse

232 2502 502 2578 videtur.
560 2491 924 2562 vetustioris
973 2519 1187 2562 tamen
1215 2507 1560 2568 relationis
1589 2511 1711 2568 hoc
1739 2513 1844 2569 ha-

229 2602 336 2659 bet
370 2600 699 2683 vestigium
731 2601 1088 2663 Aristoteles
1118 2608 1177 2663 h.
1207 2628 1255 2664 a.
1287 2594 1342 2679 3,
1374 2626 1472 2679 23.
1519 2615 1594 2667 In
1618 2608 1841 2683 Africa,

232 2702 474 2780 inquit,
520 2705 894 2784 magnitudo
941 2707 1244 2786 anguium
1273 2709 1542 2766 nascitur
1579 2710 1844 2766 immen-

233 2801 323 2875 sa,
355 2801 506 2861 ficut
551 2819 612 2862 et
657 2803 879 2862 fertur.
967 2812 1103 2872 Jam
1131 2807 1300 2865 enim
1333 2811 1680 2881 nonnulli,
1729 2811 1850 2867 ubi-

235 2903 479 2961 triremi
529 2904 999 2984 applicuissent,
1072 2906 1190 2965 ossa
1240 2908 1433 2968 boum
1489 2912 1842 2970 multorum.

236 3001 448 3062 vidiffe
484 3022 777 3078 narrant,
838 3028 995 3083 quos
1039 3007 1397 3087 absumptos
1447 3010 1558 3066 effe
1617 3009 1689 3066 ab
1735 3032 1842 3068 an-

241 3101 467 3180 guibus
522 3127 659 3165 non
702 3105 1092 3181 dubitarent,
1168 3130 1311 3169 cum
1357 3111 1638 3169 triremes
1696 3131 1849 3188 pro--

220 3219 222 3222 ’
1627 3225 1833 3271 vectas
