2113 3440
245 164 367 222 113

237 307 548 368 sublatam
608 305 779 384 apice
825 306 1194 374 involvere;
1257 306 1474 364 eadem
1522 325 1665 365 cum
1709 307 1872 366 Alli-

228 424 459 490 gatore
485 409 622 465 loca
667 428 802 465 non
849 407 1162 465 habitare:
1208 407 1491 465 nominis
1541 413 1872 484 Caymann

238 509 763 567 communionem
810 509 884 566 ab
930 508 1109 566 Indis
1158 521 1476 584 acceptam
1535 524 1597 565 et
1640 509 1712 566 ab
1761 509 1872 567 Hi·-

235 610 445 688 spanis
497 612 745 669 colonis
791 609 1253 688 frequentatam
1295 609 1495 671 errori
1538 609 1876 686 praebuisse

240 712 469 770 ansam.
545 720 745 793 Quam
774 712 1208 769 narrationem
1244 724 1305 766 et
1336 709 1636 768 notitiam
1658 712 1876 769 Gallus

238 817 332 872 La
362 814 605 891 Cepede
654 836 711 893 p.
753 816 867 883 136
898 827 959 869 et
982 828 1122 887 242.
1213 816 1521 868 Lacertae
1557 811 1880 868 caudiver-

241 912 986 994 be1·ae.(F0uetce-queue)
1019 912 1177 969 miro
1227 932 1441 968 errore
1475 914 1580 969 vel
1613 910 1879 969 artificio

242 1017 622 1073 Prometheo
685 1035 764 1071 ex
811 1013 1125 1071 vocabulo
1171 1012 1544 1071 Linnaeano
1611 1028 1671 1069 et
1715 1012 1884 1069 noti-

245 1115 354 1173 tiis
409 1137 439 1172 a
512 1115 780 1173 nomine
836 1115 1023 1190 plane
1080 1110 1306 1168 alienis
1362 1113 1882 1170 accommodavit,

248 1222 408 1274 Cum
439 1216 696 1273 aliunde
744 1217 964 1292 plures
1014 1212 1174 1270 olim
1223 1211 1448 1287 speciei
1476 1211 1664 1285 hujus
1699 1228 1883 1271 notas

248 1315 629 1394 accipiemus
677 1315 909 1373 rectius
960 1311 1130 1370 forte
1174 1308 1427 1367 bestiam
1475 1333 1507 1368 a
1539 1313 1886 1388 Dampiero

248 1417 545 1474 traditam
596 1437 740 1473 cum
788 1436 852 1471 ea
875 1430 901 1483 ‚*
963 1432 1160 1491 quum
1218 1409 1325 1466 sub
1374 1416 1728 1469 Dracaenae
1774 1434 1890 1470 no-

248 1518 425 1577 mine
457 1515 776 1595 descripsit
821 1530 882 1576 et
925 1512 1143 1593 pinxit
1174 1512 1413 1584 Gallus,
1457 1512 1676 1572 licebit
1723 1535 1889 1574 coma

252 1640 493 1698 parare.

385 1829 484 1882 De
535 1822 906 1881 Americano
955 1814 1278 1876 crocodilo
1311 1815 1618 1878 Historiae
1663 1820 1893 1898 Abipo.

258 1923 550 1985 nenfium
596 1925 860 2002 scriptor
905 1918 1229 1981 lVIartinus
1279 1917 1725 1979 Dobrizhoster
1750 1923 1888 1980 V01,

259 2033 309 2087 Ι.
359 2048 415 2104 p.
458 2040 597 2102 394.
646 2027 784 2105 sqq:
848 2047 925 2082 ex
976 2024 1257 2084 versione
1305 2022 1659 2101 germanica
1705 2023 1896 2080 Vien-

260 2149 381 2184 nae
439 2145 594 2205 1735
646 2128 847 2199 edita,
892 2141 1114 2183 notam
1161 2126 1343 2182 sexus
1391 2120 1698 2178 foeminei
1743 2122 1895 2193 edit,

263 2249 456 2306 quam
503 2227 657 2284 alibi
702 2220 998 2285 traditam
1045 2227 1340 2284 nondum
1387 2221 1608 2299 reperi.
1675 2226 1895 2278 Extre-

260 2349 401 2387 mae
449 2328 676 2386 caudae
711 2327 891 2405 supra
922 2329 1187 2408 globum
1220 2327 1478 2404 nigrum
1507 2323 1689 2378 nulla
1723 2337 1898 2398 parte

260 2431 560 2508 patulum
621 2430 907 2486 accedere
975 2442 1298 2485 memorat.
1390 2424 1686 2482 Colorem
1734 2421 1900 2478 indi-

265 2551 457 2609 genas
518 2529 776 2608 nigrum
835 2530 1219 2610 ignavioris‚
1290 2539 1505 2583 contra
1564 2522 1629 2578 in
1679 2520 1899 2580 rufum

267 2645 707 2691 transeuntem
771 2628 1120 2690 audacioris
1170 2644 1230 2686 et
1278 2623 1642 2684 hominibus
1689 2620 1900 2680 infesti

267 2746 716 2812 argumentum
762 2731 1023 2804 habere,
1080 2733 1197 2802 ait,
1244 2726 1370 2806 ipse
1417 2740 1757 2801 utrumque
1800 2745 1900 2802 ge-

267 2852 396 2890 :nus
462 2847 626 2888 terra
690 2847 750 2888 et
809 2832 879 2889 in
942 2832 1119 2911 aquis
1191 2826 1538 2886 innoxium
1615 2823 1896 2904 agnovit.

271 2935 497 2992 Pullos
547 2933 711 2989 duos·
757 2932 978 2990 diversi
1049 2932 1231 2989 sexus
1281 2950 1388 3005 per
1450 2927 1679 3002 septem
1725 2945 1902 2982 men-

270 3034 364 3104 ses
392 3034 566 3090 domi
611 3035 772 3090 altos
802 3033 912 3090 vix
940 3035 1016 3092 ad
1044 3033 1382 3110 spithamae
1422 3025 1904 3104 longitudinem

273 3132 609 3206 adolevisse
664 3132 889 3208 refert,
979 3156 1123 3194 cum
1167 3132 1238 3192 in
1283 3130 1509 3188 itincre
1556 3128 1757 3187 aheno
1807 3128 1905 3187 in-

1756 3225 1902 3287 cluli
