2113 3440
236 182 318 241 58
849 185 1249 210 ==÷--··-·-·--

233 327 436 397 ticuS‚
482 322 541 381 d.
582 342 652 381 os
691 321 1057 402 trigonum,
1132 323 1306 400 quod
1348 319 1571 383 ossium
1620 337 1862 403 tempo-

230 426 469 485 ralium
509 422 821 503 processui
860 425 1260 504 zygomatico
1311 425 1646 484 incumbit.

405 523 541 585 offa
604 525 888 604 palatina
952 522 1088 583 fere
1138 541 1211 583 ut
1261 526 1331 583 in
1378 528 1594 585 avium
1647 528 1862 606 palato

230 628 509 690 formata
551 627 1067 706 conspiciuntur,
1112 627 1181 685 in
1223 648 1296 687 eo
1334 643 1547 686 tamen
1601 628 1863 702 diversa,

233 730 407 812 quod
455 730 657 787 latera
698 728 1007 807 utrinque
1051 744 1197 787 cum
1243 730 1546 788 maxillae
1586 729 1865 809 superio·

230 833 319 892 ris
359 830 520 889 facie
550 830 805 888 interna
842 829 1058 906 juncta
1096 830 1245 889 sunt
1283 831 1352 889 in
1386 833 1635 890 lacerta.
1684 836 1864 890 Prae·

222 921 402 991 >terea
458 931 531 990 in
576 932 799 991 avibus
848 929 969 990 offa
1037 933 1319 1010 palatina
1381 934 1694 991 anteriora
1752 954 1866 992 vo-

230 1034 392 1093 meri
429 1032 860 1111 applicantur,
906 1031 1239 1111 eidemque
1278 1037 1684 1113 applicantur
1735 1033 1865 1092 duo

155 1128 162 1135 ⁸
231 1133 354 1194 offa
403 1132 688 1212 palatina
740 1131 1095 1210 posteriora
1154 1131 1441 1213 angusta,
1519 1154 1676 1211 quae
1719 1154 1867 1192 cum

231 1236 360 1295 osse
429 1232 932 1290 intermaxillari
1017 1234 1346 1291 communi
1417 1235 1867 1293 articulatione

231 1349 470 1395 coeunt
517 1333 643 1391 fine
688 1328 955 1411 postico;
1001 1332 1104 1389 sed
1141 1332 1269 1390 fine
1314 1333 1525 1392 antico
1555 1335 1862 1394 lateribus

230 1437 512 1499 vomeris
557 1435 961 1513 applicantur
1005 1433 1268 1491 mobilia
1308 1434 1488 1510 juxta
1531 1450 1719 1513 atque
1758 1457 1866 1493 an-

229 1540 467 1597 teriora
505 1551 566 1594 et
608 1550 739 1594 tota
774 1534 1043 1593 maxilla
1079 1534 1386 1614 superior.
1477 1537 1723 1596 Scilicet
1759 1559 1869 1596 ana

232 1641 468 1699 teriora
511 1660 544 1696 a
585 1633 1038 1716 posterioribus
1081 1636 1310 1710 divisa,
1356 1640 1566 1696 multo
1611 1640 1863 1712 latiora,

233 1745 546 1802 choanam
615 1740 745 1796 sola
810 1736 1084 1817 fingunt.
1213 1743 1291 1797 In
1359 1740 1594 1798 lacerta
1642 1756 1863 1800 contra

232 1845 364 1903 ossa
407 1839 692 1921 palatina
731 1836 1072 1917 posteriora
1115 1860 1242 1896 una
1292 1859 1436 1898 cum
1477 1840 1862 1919 sphenoicleo

234 1947 546 2005 choanam
608 1940 926 2014 formant,
984 1954 1174 2019 atque
1213 1941 1521 2020 utrinque
1561 1943 1629 2001 in
1668 1945 1864 2005 latere

231 2048 425 2106 binos
472 2041 784 2122 processus
825 2041 1161 2115 emittunt,
1230 2043 1576 2102 anteriores
1621 2062 1866 2105 extror-

232 2149 372 2208 sum
426 2160 486 2203 et
521 2143 812 2204 deorsum
853 2142 1090 2217 fleXOS‚
1137 2145 1353 2223 quales
1390 2145 1458 2202 in
1497 2144 1725 2226 Figura
1752 2153 1863 2206 III.

235 2249 315 2310 ad
357 2248 612 2306 literam
651 2264 683 2302 e
725 2244 1065 2322 conspicis,
1134 2261 1195 2303 et
1236 2242 1640 2324 posteriores»,
1717 2270 1866 2326 qua·

235 2354 331 2411 les
381 2350 453 2407 in
501 2348 633 2428 Fig.
676 2352 788 2406 III.
841 2346 918 2403 ad
965 2348 1220 2405 literam
1268 2346 1301 2405 f
1339 2347 1552 2420 vides,
1598 2363 1769 2407 retro
1799 2364 1864 2408 et

236 2451 532 2511 deorsum
572 2448 810 2521 flexos,
871 2461 933 2505 et
985 2451 1196 2508 multo
1233 2448 1580 2529 longiores,
1670 2456 1864 2508 Ante-

235 2555 435 2614 riores
484 2550 802 2630 processus
846 2549 1025 2624 juxta
1073 2566 1258 2634 atque
1297 2550 1468 2609 infra
1510 2551 1867 2627 condylum

236 2653 701 2715 coronoideum
746 2652 1048 2710 maxillae
1097 2650 1423 2711 inferioris
1452 2652 1862 2724 descendunt,

238 2772 305 2817 et
350 2754 784 2815 musculorum
849 2775 970 2833 ope
1025 2755 1322 2814 maxillae
1372 2751 1665 2811 inferiori
1723 2752 1864 2827 jun-

240 2872 514 2940 guntur,
585 2875 847 2934 eamque
899 2858 988 2916 ita
1036 2855 1308 2916 firmant.
1431 2859 1629 2933 Supra
1690 2856 1864 2913 hunc

237 2957 594 3038 processum
651 2956 776 3014 ossa
836 2954 1175 3036 posteriora
1227 2955 1505 3036 palatina
1575 2955 1864 3034 pr—ocessu

237 3059 422 3122 brevi
473 3057 865 3117 horizontali
900 3058 1278 3140 junguntur
1333 3055 1517 3116 faciei
1574 3057 1866 3116 internae

214 3159 383 3247 ‘offis
438 3158 844 3242 zygomatici.
951 3161 1145 3221 Plane
1196 3158 1484 3220 [imiliter
1529 3157 1596 3216 in
1647 3159 1864 3217 cranio

1771 3262 1863 3318 lo-
