2113 3440
302 200 429 271 368

428 350 673 411 Addere
719 348 901 407 lubet
960 348 1035 405 de
1095 349 1346 426 pictura
1395 345 1636 413 Sebana
1686 358 1759 410 11.
1807 349 1934 414 tab„

303 471 401 524 25.
441 453 546 533 fig.
579 473 634 525 Ω,
684 473 715 509 a
765 449 1092 509 Gronovio
1141 449 1431 522 laudata,
1478 448 1754 512 formam
1798 474 1938 531 par-

295 557 460 613 tium
527 554 950 633 quarundam,
984 553 1174 630 plane
1234 550 1540 610 diversam
1597 549 1768 614 effe.v
1837 560 1936 614 Ita

297 659 467 718 enim
510 654 743 714 notitia
768 654 1003 713 Sebana
1048 654 1252 712 docet.
1344 657 1757 732 Squamarum
1780 655 1927 716 loco

294 757 591 816 tenuibus
639 757 878 835 tegitur
916 754 1128 815 anulis
1177 769 1345 812 arcte
1371 752 1485 814 fibi
1531 769 1758 816 mutuo
1786 776 1933 816 con-

278 859 558 934 junctis,
621 857 906 936 spadiceo
967 857 1183 915 colore
1229 856 1472 915 tinctis.
1559 856 1715 915 Alba
1762 856 1931 936 quafi

288 960 473 1021 ,fascia
530 980 640 1037 per
699 974 988 1017 ventrem
1047 958 1476 1039 protenditur.
1579 964 1935 1039 Caputvpe-

288 1062 518 1121 miliare
564 1060 731 1118 nihil
776 1058 888 1117 fibi
931 1059 1236 1132 vindicat,
1281 1075 1723 1139 praeterquam
1755 1061 1928 1140 quod

284 1166 411 1223 late
456 1177 710 1220 tumens
758 1161 1057 1241 binisque
1105 1162 1334 1240 amplis
1381 1161 1640 1221 naribus
1703 1163 1774 1220 in
1821 1184 1927 1220 an-

285 1266 406 1323 tica
465 1279 642 1342 parte
703 1284 904 1343 prope
965 1285 1034 1323 os
1081 1262 1152 1322 fit
1197 1263 1510 1343 pervium.
1601 1264 1925 1346 Linguam

282 1367 349 1424 in
399 1386 472 1423 eo
519 1366 796 1444 reperire
840 1386 978 1425 non
1009 1366 1217 1437 datur,
1265 1379 1331 1423 at
1376 1367 1662 1424 tracheae
1707 1381 1925 1424 tamen

276 1468 540 1525 hiatum.
632 1473 783 1524 Non
830 1467 1172 1524 admodum
1219 1463 1300 1521 est
1331 1466 1728 1525 flexibilibus
1776 1466 1925 1525 arti—

277 1569 458 1637 culis,
506 1566 701 1623 sedin
728 1565 785 1622 se
832 1562 1030 1640 ipsam
1078 1578 1287 1620 coacta
1314 1565 1493 1641 riget.
1564 1567 1918 1622 Oculorum

273 1666 521 1725 mentio
582 1685 717 1722 non
778 1662 886 1735 fit,
961 1682 1081 1719 nec
1128 1681 1352 1718 eorum
1399 1676 1661 1739 apparet
1696 1662 1776 1719 in
1823 1665 1920 1741 pi-

274 1783 449 1826 ctura
496 1763 849 1846 vestigium,
894 1784 1014 1820 nec
1058 1762 1262 1843 magis
1309 1761 1416 1820 ani
1458 1762 1638 1844 regio
1670 1778 1731 1820 et
1771 1766 1917 1823 lon-

276 1869 501 1950 gitudo
559 1866 787 1924 caudae
846 1864 1164 1924 definitur.
1271 1865 1526 1922 Pictura
1584 1856 1727 1942 ipsa‘
1774 1887 1912 1925 non

272 1970 526 2028 unicam
571 1968 818 2026 ventris
867 1965 1121 2024 fasciam
1166 1965 1391 2038 albam,
1438 1966 1542 2023 sed
1587 1967 1911 2046 geminam

270 2071 453 2147 juxta
496 2085 788 2129 ventrem
834 2068 1139 2146 utrinque
1199 2064 1523 2126 monstrat.
1633 2069 1908 2127 Videant

271 2171 485 2250 igitur,
534 2171 763 2249 quibus
812 2167 986 2228 istius
1034 2167 1224 2247 ipsius
1274 2169 1557 2246 exempli
1597 2172 1705 2225 vel
1743 2168 1903 2227 fimi-

272 2273 357 2329 lis
405 2271 784 2347 inspiciendi
830 2273 1005 2349 copia
1050 2269 1262 2346 fuerit,
1309 2287 1449 2328 utra
1497 2272 1564 2326 in
1597 2286 1774 2348 parte
1807 2291 1900 2328 er-

275 2393 381 2429 ror
428 2372 703 2431 Versetur
753 2372 1140 2432 certissimus.
