2113 3440
1686 184 1806 240 257

200 321 461 378 teralem
506 311 640 394 post
684 315 935 393 occiput
980 314 1175 373 divisa
1202 315 1475 375 includit
1500 323 1811 383 maculam

202 417 643 479 cordiformem
731 416 955 474 flavam
1041 418 1327 473 caeruleo
1406 420 1808 500 variegatam.

200 517 432 594 Capitis
482 519 650 574 hunc
696 519 976 583 colorem
1020 514 1151 573 fere
1198 514 1484 575 referunt
1525 521 1807 596 picturae

197 618 467 675 Sebanae'
514 623 591 675 ΙΙ.
637 616 758 674 tab.
814 635 889 691 79
957 629 1016 671 et
1068 615 1191 673 tab.
1235 633 1316 685 80
1369 615 1414 674 f.
1471 640 1523 678 1.
1617 622 1809 678 Color

193 717 418 789 menti,
466 719 649 797 gulae
694 714 1061 792 ventrisque
1132 734 1210 770 ex
1284 714 1446 773 flavo
1511 718 1805 780 albicans,

196 822 489 875 Truncus
535 816 713 893 supra
761 814 940 872 zonis
998 816 1473 886 atrocaerulei8‚
1536 821 1810 896 amethy-

194 912 267 975 sti
311 914 496 975 instar
541 914 1021 992 splendentibus
1069 913 1228 973 flavo
1259 916 1364 972 vel
1404 913 1588 975 fulvo
1637 920 1806 976 colo-

197 1037 263 1092 re
311 1015 676 1095 marginatis
722 1014 1036 1094 cingitur,
1095 1014 1181 1069 ita
1227 1028 1296 1070 ut
1340 1018 1620 1074 maculae
1665 1019 1809 1075 reti-

196 1118 432 1173 culatae
479 1113 608 1172 fere
654 1114 985 1192 quadratae
1031 1112 1177 1170 inde
1224 1111 1601 1187 efficiantur,
1643 1139 1808 1195 ¹qua-

194 1217 288 1273 les
337 1197 406 1272 in
450 1215 731 1291 serpente
774 1211 1015 1278 Javenfi
1060 1213 1306 1289 pictura
1332 1215 1565 1272 Sebana
1595 1222 1641 1275 I.
1687 1219 1808 1277 tab.

200 1333 295 1386 70.
333 1312 376 1371 f.
415 1336 464 1371 1.
512 1310 795 1370 ostendit.
883 1314 1174 1369 Maculae
1204 1314 1317 1370 hae
1345 1315 1678 1390 quadratae
1705 1318 1812 1375 ob-

192 1411 368 1469 scure
415 1412 645 1491 griseae
691 1412 768 1468 acl
813 1413 1034 1467 lumen
1079 1411 1419 1469 inclinatae
1473 1428 1810 1474 transeunt

193 1513 264 1570 in
294 1513 575 1569 colorem
618 1511 904 1581 viridem,
949 1510 1183 1583 flavum
1210 1525 1269 1567 et
1294 1514 1678 1572 caeruleum:
1725 1520 1810 1576 la-

193 1628 401 1669 terum
424 1613 706 1668 ¹maculae
733 1611 1066 1668 dilutiores
1099 1612 1345 1691 griseae.
1436 1618 1676 1688 Latera,
1700 1618 1810 1675 ubi

195 1731 392 1771 zonae
434 1711 709 1766 invicem
752 1710 810 1767 se
855 1711 1089 1782 secant,
1147 1713 1428 1770 maculae
1483 1715 1656 1772 albae
1702 1718 1808 1775 ob·-

192 1814 424 1891 longae
471 1824 717 1867 ornant.
807 1810 1012 1866 Gauda
1060 1808 1192 1866 fere
1219 1826 1351 1868 tota
1394 1811 1581 1871 flavet
1613 1830 1673 1871 et
1705 1839 1809 1875 ze-
1839 1818 1854 1822 μ’

194 1912 298 1970 nis
345 1910 644 1968 caeruleis
691 1908 1060 1979 reticulata,
1120 1910 1206 1967 ita
1256 1925 1326 1966 ut
1368 1915 1650 1987 maculae
1695 1917 1806 1973 mi-

195 2027 387 2070 nutae
433 2009 788 2087 quadratae,
832 2008 1030 2064 dilute
1074 2009 1303 2088 griseae
1347 2009 1808 2073 interluceant:

195 2112 411 2170 subtus
472 2109 663 2166 cauda
722 2108 864 2165 albo
923 2107 1208 2186 flavoque
1265 2111 1451 2169 Varia.
1553 2116 1805 2175 Mersus

194 2210 502 2268 innoxius
563 2210 844 2266 habetur.
973 2209 1233 2268 Victitat
1275 2208 1459 2269 bestia
1506 2229 1576 2270 ut
1615 2217 1813 2292 pluri-

197 2333 374 2369 mum
418 2310 705 2368 muribus
754 2309 1130 2387 avibusque:
1170 2296 1424 2387 'species
1487 2330 1808 2390 montana,

197 2411 305 2474 uhi
350 2410 770 2484 ad‘niajerem
814 2410 1052 2467 melem
1099 2411 1407 2485 adolevit,
1465 2414 1809 2489 majoribus

197 2513 387 2569 etiam
433 2511 814 2570 animalibus
862 2509 1208 2568 infidiamr.
1296 2515 1632 2573 lVIensurae
1680 2538 1809 2575 cor·

196 2613 367 2690 poris
415 2612 691 2690 partium
737 2614 849 2669 hae
895 2610 1040 2667 sunt
1078 2610 1490 2692 singularum:

196 2713 563 2795 Longitudo
596 2712 792 2771 totius
827 2711 1107 2788 corporis
1306 2736 1340 2791 9
1373 2717 1512 2793 ped.
1552 2719 1804 2795 1{,-poll.

363 2848 449 2858 —-
616 2849 702 2859 --
875 2812 1091 2889 capitis

1563 2837 1594 2888 Q]

196 2915 494 2973 Latitudo
534 2913 819 2991 occipitis
1560 2937 1594 2972 9.
1685 2951 1771 2959 -—-

199 3017 544 3072 Oculorum
561 3012 965 3072 interstitium
1132 3066 1157 3082 f
1567 3022 1643 3083 1}
1686 3051 1771 3059 --

1560 3122 1639 3192 1212

198 3114 462 3172 Narium
540 3148 623 3158 --

285 3219 361 3271 Π..
1026 3218 1076 3271 R
1607 3213 1804 3272 Rostri

1681 3152 1765 3159 ...n-
