2113 3440
608 891 1294 965 Addenda.

886 1134 1029 1151 ..ιιι-

319 1296 416 1357 Ad
443 1315 581 1378 pag.
617 1315 710 1354 12.
737 1309 959 1353 notam
980 1295 1040 1372 *)
1086 1294 1280 1358 addet

318 1398 581 1457 Videtur
609 1411 821 1463 tamen
857 1401 976 1458 ἑνὸς
1021 1401 1220 1455 ὀστέου
1270 1397 1521 1471 τελευτὴ
1560 1395 1651 1453 καὶ
1687 1400 1773 1475 μέ-

144 1500 430 1574 ροςᾶυτή
475 1502 586 1554 τῶν
627 1498 860 1567 ὁσφύων
897 1494 1003 1550 vel
1044 1501 1152 1568 τῆς
1198 1497 1418 1568 ὀσφύος
1446 1490 1674 1571 legisse.
1722 1498 1777 1554 ἕν

147 1599 340 1654 oca-{ov
368 1590 684 1649 unitatem
717 1589 929 1666 spinae
958 1586 1291 1668 fignificat,
1351 1603 1422 1646 ut
1464 1590 1532 1646 in
1565 1590 1777 1650 Plinio

153 1712 235 1766 30
265 1691 402 1749 sect.
436 1703 519 1764 44
550 1689 624 1746 de
656 1690 931 1765 hyaena:
977 1689 1134 1747 collo
1167 1701 1223 1746 et
1238 1686 1401 1769 juba
1441 1710 1516 1747 eac
1546 1694 1780 1749 unitate

139 1789 368 1876 spinae
394 1792 639 1872 porrigi
670 1785 1018 1866 reflectique
1050 1791 1424 1846 circumactu
1452 1783 1565 1870 nist
1598 1793 1784 1850 totius

153 1893 429 1972 corporis
454 1892 691 1969 nequit:
738 1888 848 1945 ubi
873 1887 1237 1944 Harduinus
1275 1890 1441 1946 male
1471 1891 1697 1948 collum
1727 1903 1785 1948 et

146 1992 308 2076 juba
354 1992 756 2049 continuitate
789 1982 1013 2069 spinae
1057 1990 1442 2066 porrigitur,
1490 1985 1787 2068 flectique

155 2109 222 2151 et
252 2107 366 2155 cet.
398 2090 617 2148 edidit.
723 2085 818 2147 Cf.
851 2086 1199 2146 Rezzonici
1237 2087 1511 2165 Disquis.
1555 2089 1787 2147 Plinia-

156 2214 275 2252 nae
308 2214 368 2270 p.
404 2208 503 2267 39.

331 2291 428 2350 Ad
445 2310 582 2370 pag.
619 2300 697 2363 42
727 2287 842 2347 lin.
887 2309 978 2346 11.
1013 2286 1211 2345 addo:
1257 2289 1484 2361 Dolet),
1515 2287 1790 2347 Fascicu-

162 2398 305 2452 lum
325 2373 474 2451 VIII
506 2405 566 2446 et
599 2395 686 2447 IX
714 2388 870 2445 libri
899 2388 1191 2445 nondum
1233 2388 1301 2444 in
1347 2407 1573 2445 manus
1617 2408 1787 2446 meas

160 2489 526 2572 pervenisse,
559 2510 702 2550 cum
730 2491 881 2546 haec
916 2488 1281 2545 scriberem:
1326 2488 1588 2545 interim
1616 2509 1793 2569 argu-

163 2607 457 2652 mentum
485 2590 780 2648 alicunde
823 2603 1194 2665 excerptum
1243 2588 1348 2645 hic
1390 2603 1670 2665 repetam
1720 2590 1792 2646 in

163 2694 481 2752 lectorum
525 2690 819 2771 gratiam,
899 2688 1127 2767 quibus
1183 2686 1337 2744 libri
1399 2689 1577 2765 copia
1634 2675 1796 2745 olim

171 2790 335 2849 facta
366 2789 579 2848 fuerit.
669 2789 870 2870 Igitur
914 2787 1219 2847 Fasciculi
1249 2793 1396 2846 VIII
1434 2787 1648 2846 tabula
1690 2802 1796 2861 43.

172 2890 581 2949 Crocodilum
609 2890 972 2947 Niloticum
1004 2887 1255 2967 gemina
1285 2888 1531 2964 pictura
1556 2887 1795 2944 reddit:

175 2990 298 3047 tab.
345 3004 443 3064 44.
492 2992 781 3049 Sceleton
826 2989 1110 3046 eiusdem
1158 3006 1229 3045 12
1281 2989 1471 3065 pedes
1516 2988 1698 3066 longi
1738 3001 1801 3044 et

176 3088 616 3169 magnitudine
659 3089 1061 3169 praecedenti
1121 3087 1288 3165 paris
1345 3085 1594 3168 gemina
1645 3087 1802 3143 item

1028 3192 1079 3245 A
1103 3207 1134 3244 a
1550 3186 1800 3265 pictura
