2113 3440
770 155 1199 190 ··-··-“-·-”
1646 154 1767 216 595

145 315 429 360 extremo
471 315 769 373 corpore,
836 297 1005 373 quod
1049 296 1387 374 abruptum
1427 296 1774 373 credebam,

144 399 423 460 intestini
467 398 738 475 plicatus
789 396 934 454 finis
992 397 1355 474 prominere
1395 397 1773 454 ¹videbatur.

143 509 418 562 Demum
463 499 532 556 in
578 499 780 554 altero
832 498 1129 573 exemplo
1163 497 1413 553 cinereo
1450 497 1773 555 caeciliam

141 599 411 659 Linnaei
453 617 863 674 erroremque
910 617 1125 654 meum
1172 597 1420 676 agnovi,
1469 618 1654 674 quem
1686 612 1774 654 ta-

140 720 289 758 men
333 699 703 770 Linnaeano
764 697 1084 755 debebam.
1177 703 1235 754 Is
1290 699 1462 754 enim
1503 698 1771 775 squamis

141 815 352 857 cutem
392 819 608 856 carere
647 799 765 860 ait;
814 798 985 875 quod
1016 799 1084 853 in
1127 798 1379 854 caecilia
1406 818 1538 854 non
1574 798 1773 877 inagis

142 921 330 978 quam
380 901 448 956 in
485 898 780 976 plurimis
819 919 1156 955 muraenae
1190 898 1506 974 speciebus
1550 919 1775 955 verum

141 1001 364 1077 reperi.
453 1005 528 1058 In
579 1001 780 1056 altero
835 998 1034 1078 igitur
1083 1000 1377 1076 exemplo
1424 1020 1618 1056 anum
1668 999 1772 1055 sub

140 1101 275 1179 ipso
325 1100 607 1177 corporis
647 1098 773 1156 fine
821 1113 1137 1176 apertum,
1197 1099 1263 1155 in
1303 1099 1505 1176 capite
1554 1101 1772 1156 oculos

143 1202 431 1258 minutos
479 1200 844 1257 membrana
896 1199 1164 1257 obducta
1215 1213 1448 1272 tectos,
1521 1200 1775 1259 narium

141 1300 458 1359 foramina
501 1300 768 1372 minuta,
831 1319 935 1356 ore
983 1314 1202 1376 aperto
1254 1301 1511 1357 dentem
1548 1303 1776 1358 maxil-

137 1402 239 1461 lae
276 1398 606 1456 inferioris
640 1399 1026 1455 anteriorem
1060 1400 1365 1476 utrinque
1414 1401 1773 1481 longiorem

139 1498 291 1558 vidi.
394 1498 669 1555 Maxilla
724 1486 1036 1571 superior‘
1070 1500 1280 1554 multo
1340 1499 1600 1575 longior
1661 1498 1775 1568 est3

142 1598 341 1655 rictus
382 1595 580 1674 igitur
623 1609 914 1670 apertura
954 1593 1225 1652 inferna.
1275 1601 1775 1673 Tentaculorum

144 1696 419 1774 speciem
461 1692 574 1750 nifi
617 1695 685 1750 in
720 1694 1053 1772 despoliati
1100 1697 1381 1772 exempli
1416 1699 1612 1755 latere
1640 1722 1769 1760 uno

144 1797 361 1855 videre
405 1815 538 1851 non
573 1794 783 1872 potui3
829 1796 1135 1872 papillam
1178 1797 1280 1853 vel
1309 1818 1637 1857 verrucam
1663 1823 1774 1879 pov

140 1900 271 1955 tius
321 1893 624 1956 dixissem.
727 1896 1041 1972 Exempla
1076 1895 1356 1973 quinque
1393 1894 1598 1981 Musei
1633 1908 1771 1962 Du-

143 1999 289 2056 calis
328 1989 794 2077 Brunovicenfis
849 1996 1273 2072 pulcherrima
1323 1998 1594 2057 laterum
1669 2009 1774 2060 ru&

147 2094 252 2179 gas
298 2095 511 2154 versus
568 2091 971 2172 posteriorem
1020 2096 1302 2173 corporis
1346 2114 1591 2175 partem
1618 2102 1770 2165 dem

144 2197 332 2255 fiores
381 2210 440 2252 et
487 2196 742 2252 demum
789 2216 977 2252 omne
1021 2189 1244 2273 corpus
1288 2199 1634 2277 cingentes,
1673 2190 1769 2258 inss

144 2313 241 2354 ter
297 2297 573 2375 integras
640 2298 903 2353 alternis
949 2297 1291 2354 dimidiatis
1337 2299 1510 2377 rugis
1561 2302 1769 2361 immi-

144 2395 280 2468 stis,
328 2417 553 2473 corpus
595 2396 804 2473 ipsum
844 2394 1165 2455 manifeste
1210 2399 1623 2477 comprell'um
1669 2424 1767 2483 ge-

147 2498 386 2555 rebant.

271 2604 460 2657 Anno
500 2614 656 2674 1789
707 2613 1028 2675 acceptum
1070 2601 1354 2657 caeciliae
1390 2605 1766 2680 exemplum

144 2697 521 2757 [emificcum
567 2697 846 2764 disfecui‚
897 2700 959 2754 in
999 2720 1124 2776 quo
1173 2700 1435 2777 speciem
1477 2706 1761 2774 alteram,

143 2794 554 2880 glutinosam,
622 2799 687 2856 in
741 2798 1097 2857 abdominis
1146 2803 1341 2879 medii
1385 2803 1591 2859 sutura
1640 2825 1764 2860 ma·=

144 2896 361 2957 nifesta
409 2899 738 2978 agnoscere
778 2901 934 2957 mihi
985 2901 1259 2972 videbar,
1307 2903 1382 2958 ad
1431 2923 1616 2980 quam
1663 2927 1763 2959 ru-

146 3019 255 3078 gae
318 3000 603 3057 laterales
663 3002 898 3079 angulo
957 3016 1139 3057 acuto
1187 3002 1455 3059 coibant.
1572 3006 1762 3061 Color

144 3097 354 3155 fuscus
417 3114 544 3156 erat
594 3100 853 3177 ubique:
916 3103 1382 3160 tentaculoruni
1436 3099 1802 3183 vestigium,

1617 3207 1761 3261 nul·
