2113 3440
1644 206 1766 266 305

790 375 1146 429 Anulatus.

250 557 490 632 Corpus
539 545 820 637 squamis
858 547 1157 607 rhombeis
1201 560 1446 614 tectum.
1492 552 1659 609 zonis
1699 569 1778 613 εκ

325 656 511 734 nigro
539 646 747 734 fuscis
791 668 870 722 70
909 651 1208 723 cinctum,
1252 644 1437 731 scuta
1476 653 1779 711 veneralia

323 745 613 834 angusta.
1024 810 1026 812 .

284 852 675 929 Exemplum
707 851 784 909 ΒΖ
790 847 1113 908 ochianum
1135 847 1304 906 scuta
1328 847 1639 907 ventralia
1666 869 1687 905 1
1704 867 1783 927 79

157 955 364 1016 multo
410 948 796 1030 angustiora,
842 969 1031 1027 quam
1092 933 1160 1004 in
1208 948 1485 1007 colubris
1533 946 1646 1006 esse
1691 949 1785 1009 so·

158 1057 316 1126 lent,
365 1053 778 1110 scuteliorum
825 1046 1298 1107 subcaudalium
1340 1047 1511 1124 paria
1556 1068 1639 1106 20
1682 1069 1787 1129 ge·

164 1155 282 1215 rit:
329 1152 520 1211 cauda
565 1150 749 1209 valde
795 1147 1047 1230 gracilis
1073 1147 1147 1205 ab
1193 1147 1384 1205 initio
1431 1144 1527 1207 est.
1598 1153 1789 1226 Squa-

163 1275 302 1314 mae
347 1251 715 1323 rhombeae,
777 1246 978 1307 fuscae
1035 1246 1178 1304 albo
1226 1243 1453 1305 mistae.
1530 1251 1787 1326 *Corpus

167 1356 439 1433 cingunt
477 1371 559 1425 70
605 1368 803 1407 zonae
833 1368 913 1404 ex
955 1347 1142 1426 nigro
1188 1344 1424 1404 fuscae:
1469 1364 1670 1426 caput·
1700 1348 1795 1406 su-

165 1475 280 1532 pra
327 1473 405 1509 ex
451 1465 587 1506 atro
633 1447 898 1516 fuscum,
937 1445 1091 1522 ¹albo
1136 1448 1562 1509 maculatumz
1635 1448 1794 1507 labii

166 1551 507 1630 superioris
543 1548 708 1606 scuta
746 1546 971 1604 adsunt
1024 1562 1131 1616 17,
1174 1542 1497 1603 inferioris
1553 1564 1646 1619 15,
1683 1567 1797 1625 po.

168 1649 384 1711 strema
451 1647 609 1705 labii
669 1643 1005 1722 superioris
1049 1641 1217 1700 scuta
1278 1642 1555 1703 altissima
1616 1647 1795 1704 [untz

170 1751 352 1810 iuxta
398 1750 551 1805 haec
587 1744 883 1822 utrinque
929 1743 997 1799 in
1043 1741 1349 1800 lateribus
1379 1744 1597 1821 capitis
1624 1746 1796 1806 scuta

172 1851 460 1927 septena,
532 1864 645 1923 per
709 1857 897 1920 caput
955 1841 1240 1900 medium
1287 1857 1460 1916 octe,
1530 1846 1798 1906 omnino

176 1950 377 2031 igitur
416 1947 580 2004 scuta
628 1942 917 2019 capitalia
968 1961 1044 1998 22
1088 1941 1330 1999 adsunt.

306 2043 613 2122 Suspicari
657 2041 910 2112 licebit,
956 2042 1129 2098 hunc
1199 2040 1367 2098 forte
1444 2040 1800 2122 fignificass‘e

179 2144 603 2208 Laurentium
639 2141 745 2199 sub
789 2162 895 2198 no,
934 2158 1069 2210 132.
1113 2141 1377 2198 nomine
1425 2146 1804 2203 Coronellae

183 2243 637 2326 anguiformis,
657 2251 860 2319 ‘quam
889 2226 1083 2297 refert
1103 2240 1377 2298 a1bidam
1398 2289 1412 2313 ,
1469 2241 1673 2301 fasciis
1705 2242 1806 2302 fu·-

185 2347 300 2405 scis
347 2344 646 2424 integris,
693 2340 909 2397 subtus
956 2339 1213 2417 Oblique
1261 2345 1804 2417 concurrentibus,

189 2460 389 2503 totam
421 2440 758 2501 denfiffime
800 2442 1140 2497 anulatam.
1184 2440 1487 2499 *Similem
1527 2443 1653 2520 ipse
1694 2443 1809 2503 effe

195 2546 286 2606 ait
322 2545 514 2624 angui
556 2540 829 2613 fasciato,
875 2540 977 2597 sed
1023 2541 1375 2598 charactere
1422 2542 1683 2603 diverso·

871 2763 1127 2777 Μ

325 2942 419 3001 Ad
483 2944 605 3000 hoc
662 2931 837 2998 idem
892 2958 1090 3019 genus
1135 2936 1499 2998 referendos
1545 2940 1819 3019 suspicor

202 3041 420 3120 plures
468 3042 763 3100 colubros
800 3040 1089 3111 Linnaei,
1135 3058 1214 3095 ex
1239 3041 1466 3117 quibus
1513 3040 1720 3099 album
1756 3057 1822 3100 et

206 3142 612 3203 calamarium
677 3155 934 3220 propter
997 3138 1297 3199 diversam
1357 3143 1638 3217 corporis
1696 3139 1824 3200 for·-

287 3245 366 3302 11.
1073 3242 1130 3296 U
1653 3261 1821 3300 :mam
