2113 3440
218 154 340 223 526

213 324 421 368 ctum:
467 304 762 385 linguam
805 303 1040 375 latam,
1100 302 1331 361 leviter
1377 304 1668 364 incisam:
1716 328 1851 366 cor-

209 428 331 488 pus
396 406 595 484 capite
661 406 949 483 aequale,
1010 418 1209 473 teres,
1271 419 1446 481 parte
1508 405 1850 484 posteriore

205 510 398 589 paulo
424 507 744 588 gracilius,
791 505 1058 583 squamis
1105 505 1378 563 minutis
1425 507 1850 584 imbricatum,

203 632 472 691 quarum
516 609 714 666 series
747 607 814 664 in
843 622 1063 665 ventre
1104 627 1240 681 177,
1270 607 1379 665 sub
1430 610 1620 666 cauda
1657 614 1847 689 paulo

206 711 556 792 graciliore,
605 724 821 782 terete,
858 728 935 782 37
974 725 1412 768 numerantur.
1460 713 1653 769 Color
1688 712 1851 773 dorsi

208 835 288 871 ex
333 813 524 893 nigro
574 812 882 883 cinereus,
931 810 1203 889 squamis
1251 812 1476 871 mediis
1527 813 1703 886 albis,
1734 836 1852 871 un-

206 915 288 992 de·
329 915 582 972 dorsum
629 927 889 992 apparet
918 913 1345 986 reticulatum,
1381 929 1605 972 venter
1637 938 1715 972 ex
1748 915 1854 975 fla-

204 1037 289 1074 vo
337 1017 584 1075 albicat.
676 1014 1051 1094 Longitudo
1102 1015 1387 1085 corporis
1412 1017 1614 1076 totius
1653 1037 1684 1090 7
1713 1018 1854 1095 pol-

203 1117 357 1176 lices
407 1117 678 1188 &lineas
709 1131 953 1195 aequat,
1001 1137 1202 1196 usque
1250 1118 1327 1175 ad
1361 1139 1554 1177 anum
1595 1133 1850 1178 tantum

208 1222 244 1276 6
284 1240 341 1296 p.
380 1233 420 1292 4
444 1219 684 1277 lineas:
732 1218 955 1296 capitis
989 1219 1065 1275 ad
1090 1212 1361 1299 angulos
1399 1221 1526 1278 oris
1556 1241 1590 1278 2
1622 1220 1847 1289 lineaS,

201 1319 481 1377 latitudo
529 1320 711 1397 supra
756 1321 872 1377 hos
932 1321 1205 1398 angulos
1258 1341 1291 1378 2
1344 1321 1581 1394 lineas,
1649 1323 1851 1381 medii

202 1419 374 1477 inter
421 1437 610 1498 caput
658 1435 721 1475 et
769 1440 963 1476 anum
990 1420 1272 1495 corporis
1302 1441 1333 1490 5
1375 1422 1596 1493 lineaS,
1624 1423 1694 1478 in
1720 1423 1849 1498 ipsa

204 1521 313 1578 ani
358 1521 620 1601 regione
669 1526 751 1597 ἒξ
791 1519 1017 1579 lineas.
1110 1520 1515 1578 Surinamum
1561 1522 1848 1580 habitare

204 1620 457 1680 dicitur.
547 1621 1057 1696 Zoophylacium
1086 1640 1190 1677 no.
1227 1636 1324 1688 35.
1356 1620 1551 1691 addit,
1584 1622 1848 1680 caudam

200 1721 457 1778 tertiam
527 1721 730 1778 totius
796 1718 1230 1798 longitudinis
1293 1734 1534 1797 partem
1596 1721 1846 1794 habere,

200 1836 262 1880 et
337 1823 413 1879 ad
474 1820 749 1879 Linnaei
807 1820 1222 1878 reticulatum
1294 1842 1587 1907 anguem&
1627 1821 1840 1884 refert.

201 1923 609 2000 Comparavit
656 1922 756 1980 vir
816 1922 1041 1980 doctus
1100 1923 1702 1982 Scheuchzerianam
1756 1940 1849 1983 ta-

196 2024 417 2082 bulam
445 2038 584 2098 747.
626 2022 726 2102 fig.
750 2037 808 2097 4,
846 2043 1002 2101 quae
1035 2044 1397 2102 quanquam
1427 2025 1626 2096 rudis,
1654 2041 1840 2085 notas

197 2139 415 2182 tamen
463 2123 687 2202 speciei
732 2124 879 2182 satis
925 2121 1284 2199 manifestas
1320 2124 1497 2205 gerit.
1587 2126 1840 2186 Pictura

200 2226 375 2283 inter
440 2225 775 2284 anecdotas
821 2246 926 2283 no.
970 2224 1068 2296 53,
1117 2245 1196 2282 ex
1259 2247 1380 2304 qua
1444 2224 1660 2283 tabula
1735 2249 1842 2285 ex-

200 2324 395 2405 preffa
422 2322 502 2382 est
526 2325 659 2397 illa,
706 2325 949 2385 ventris
984 2326 1383 2405 extremique
1409 2326 1841 2403 capitismon-

196 2423 344 2483 ftrat
389 2428 670 2484 colorem
720 2430 1093 2486 ochraceum
1156 2428 1472 2485 dilutum:
1553 2427 1839 2508 dorfique

200 2527 487 2605 squamas
537 2548 613 2584 ex
639 2528 826 2608 nigro
871 2527 1074 2588 fuscas
1102 2531 1317 2588 colore
1350 2528 1654 2587 dilutiore
1677 2552 1838 2588 mar-

201 2628 467 2709 ginatas.

328 2730 714 2788 Laurentius
762 2731 1019 2791 brevem
1051 2731 1351 2790 notitiam
1397 2751 1475 2789 ex
1503 2732 1835 2793 Gronovio

197 2851 332 2889 non
374 2831 709 2888 nominato
763 2833 1081 2911 excerpsit.
1470 2827 1471 2830 ¹

331 2932 656 3010 Hospitem
704 2931 907 3016 Musei
948 2935 1271 2995 Blochiani
1311 2935 1432 2991 huc
1466 2931 1832 3009 referebam,

201 3053 390 3110 quem
435 3048 771 3111 antequam
817 3037 1169 3094 accuratius
1227 3034 1533 3111 inspicere
1581 3036 1851 3109 licebat,

199 3135 287 3191 ita
323 3148 713 3195 notaveram.
802 3141 1048 3215 Corpus
1093 3134 1364 3218 squamis
1395 3136 1686 3196 ovalibus
1717 3137 1830 3192 im-

1700 3234 1828 3294 bri-
