2113 3440
1722 218 1846 274 313

229 381 349 444 gus
395 358 629 437 ubique
670 353 908 416 veneni
929 356 1195 417 crimine
1237 351 1354 416 nifi
1379 354 1663 416 damnati
1679 370 1851 416 certe

232 458 509 538 suspecti.

375 557 689 638 Fragilem
761 577 1032 636 anguem
1101 555 1400 616 affinitate
1478 556 1853 635 proximum

229 659 527 717 chamae:
574 657 768 716 sauris
798 655 910 713 effe
940 657 1161 714 docuit
1188 677 1289 713 me
1313 658 1648 729 anatomia,
1678 677 1854 734 prae-

229 758 412 836 cipue
466 771 709 836 reperta
765 754 956 815 sterni
1013 756 1349 835 pelviSque
1393 753 1660 836 ⁵vestigia
1724 777 1856 816 ma-

231 854 470 917 nifesta.
1155 927 1159 930 ,

361 957 662 1017 Granium
688 956 999 1015 lacertino
1027 952 1422 1014 simillimum
1450 951 1548 1014 est.
1576 959 1659 1014 Os
1689 976 1857 1014 com-

227 1066 424 1117 mune
467 1058 972 1116 intermaxillare
1018 1056 1280 1115 unicum
1333 1056 1623 1135 tympani
1664 1077 1860 1115 mem-

228 1157 494 1216 branam
527 1159 824 1230 sustinet,
897 1156 1198 1215 musculis
1247 1156 1665 1234 et'squamata
1713 1170 1856 1214 cute

234 1258 681 1317 absconditam.
770 1258 1092 1334 Tympani
1134 1256 1564 1314 membranam
1611 1271 1674 1314 et
1717 1257 1856 1313 reli-

233 1378 509 1436 quorum
569 1357 732 1417 auris
792 1355 1194 1416 officulorum
1235 1354 1538 1414 fabricam
1582 1376 1726 1414 cum
1770 1357 1860 1415 la-

232 1457 472 1514 certina
532 1457 878 1515 convenire
937 1457 1192 1513 monuit
1250 1456 1377 1529 jam
1422 1457 1582 1514 olim
1632 1458 1857 1514 Gallus

238 1550 556 1641 Geoffroi,
630 1555 732 1613 sed
781 1555 838 1614 is
885 1556 1111 1613 ductus
1171 1554 1659 1635 semicirculares
1712 1557 1860 1611 nul·

231 1657 336 1715 los
381 1656 635 1732 reperit,
680 1655 789 1732 qui
814 1669 1026 1711 tamen
1071 1655 1142 1711 in
1188 1669 1449 1712 externa
1495 1654 1696 1711 cranii
1750 1655 1859 1713 feu

233 1754 520 1831 occipitis
568 1751 726 1812 facie
769 1751 972 1811 statim
1015 1755 1367 1830 perlucent.
1410 1742 1414 1746 ”
1453 1760 1686 1813 Verum
1748 1753 1858 1812 do-

233 1852 528 1913 ctiffimus
584 1853 773 1912 etiam
835 1857 1056 1930 Scarpa
1128 1867 1349 1910 contra
1420 1851 1858 1911 Godofredum

230 1953 421 2011 illum
475 1953 730 2011 monuit
773 1973 1046 2033 anguem
1088 1951 1382 2032 fragilem
1437 1953 1601 2030 (ipse
1648 1954 1855 2010 Caeci-

233 2056 388 2115 liam
433 2055 643 2131 vocat)
691 2066 1000 2129 tympano
1063 2053 1332 2132 gauciere
1368 2073 1547 2110 carne
1583 2054 1856 2127 obtecto,

233 2154 501 2214 cavitate
545 2153 841 2230 tympani
886 2167 945 2209 et
989 2153 1172 2211 tuba:
1230 2153 1561 2214 cavitatem
1604 2172 1718 2230 pro
1763 2174 1859 2212 ra-

233 2257 414 2314 tione
461 2254 684 2332 capitis
717 2249 1012 2332 magnam
1042 2251 1174 2312 effe.

364 2355 707 2413 Trabecula
754 2352 1330 2431 perpendiculari8‚
1398 2375 1553 2432 quae
1612 2354 1856 2431 proces-

235 2454 333 2516 sui
375 2454 654 2533 palatino
700 2450 980 2511 infistens
1012 2453 1294 2511 cranium
1325 2451 1554 2511 fulcire
1598 2453 1757 2512 solet
1785 2454 1858 2513 in

159 2597 162 2599 Δ
235 2555 525 2628 lacertis,
586 2555 773 2612 unica
820 2550 933 2627 est,
999 2574 1118 2611 nec
1159 2574 1236 2611 ex
1280 2553 1493 2612 cranio
1541 2553 1857 2632 processus

236 2658 414 2716 ullus
459 2655 811 2714 trabeculae
857 2654 1152 2726 occurrit,
1197 2668 1270 2710 ut
1299 2654 1368 2711 in
1405 2654 1632 2712 scinco,

363 2756 610 2815 Viscera
655 2770 718 2814 et
741 2752 1034 2813 intestina
1078 2753 1340 2812 eandem
1378 2752 1856 2812 similitudinem

237 2853 606 2928 monstrant,
652 2858 870 2935 pulmo
898 2850 1212 2936 geminus,
1258 2851 1548 2912 intestina
1573 2854 1857 2932 aiiquan-

238 2971 381 3014 tum
424 2957 736 3029 involuta,
781 2977 917 3014 non
962 2970 1146 3028 recta,
1193 2955 1484 3015 ovarium
1524 2954 1855 3034 geminum

240 3054 313 3112 in
357 3055 661 3115 inferiore
706 3054 1062 3116 abdominis
1098 3056 1356 3136 regione
1400 3052 1614 3112 situm:
1660 3051 1855 3133 costae

242 3153 322 3214 ad
365 3175 559 3217 anum
601 3156 993 3232 definente8‚
1034 3156 1226 3232 cauda
1250 3174 1534 3235 ⁷·,corpore
1575 3155 1855 3237 longior,

1754 3276 1855 3314 ru-
