2113 3440
1721 241 1840 297 355
1899 268 1902 269 ⁷

242 383 465 448 diverfi
508 378 839 461 processu&
885 382 995 458 qui
1029 378 1132 439 offi
1179 379 1668 438 intermaxillari
1710 401 1849 459 par-

241 490 360 561 tim
397 485 768 562 junguntur.
861 480 1076 546 Orbita
1120 478 1314 559 igitur
1345 475 1570 556 postice
1605 500 1739 538 non
1768 477 1851 540 est

244 584 460 646 clausa.
548 586 629 643 Os
677 595 1038 658 temporum
1078 581 1347 660 longum
1394 601 1426 636 a
1468 581 1725 659 regione
1753 602 1851 639 or-

236 685 403 743 bitae
450 682 750 758 utrinque
797 680 1194 737 contrahitur
1233 679 1475 737 declive
1527 695 1604 736 etr
1639 682 1849 740 versus

238 782 381 842 offis
430 780 783 840 maxillaris
841 779 1196 847 communis
1248 778 1606 853 juncturam
1661 776 1856 858 poste-

235 884 470 943 riorem
505 883 734 939 iterum
777 880 965 938 latius
1009 878 1097 937 fit.
1169 882 1271 937 >Os
1305 880 1631 957 occipitale
1661 882 1730 938 in
1762 902 1855 939 ea-

240 985 384 1043 dem
430 981 693 1060 planitie
757 1001 901 1038 cum
959 980 1298 1057 temporali
1354 978 1623 1057 politum
1669 981 1853 1060 eique

240 1085 531 1160 junctum
559 1083 786 1152 haeret,
834 1100 978 1137 cum
1005 1081 1075 1136 1η
1120 1079 1371 1138 lacertis
1418 1083 1727 1160 angulum
1754 1102 1855 1140 oc.-

246 1183 456 1261 cipitis
485 1182 776 1257 junctura
822 1179 954 1254 ejus
996 1177 1213 1251 faciat,
1259 1179 1589 1258 ipsumque
1619 1179 1692 1238 fit
1721 1171 1856 1240 fere

241 1282 842 1361 perpendiculariter
888 1277 1177 1356 positum.
1266 1282 1590 1339 Portionis
1619 1282 1857 1358 condy-

240 1383 489 1441 loideae
546 1378 856 1459 processus
921 1384 1208 1437 extremo
1269 1378 1396 1436 fine
1442 1401 1586 1439 cum
1631 1383 1861 1460 occipi-

241 1484 376 1554 tali,
422 1497 607 1558 atque
653 1495 993 1554 utrumque
1021 1477 1202 1536 fimul
1249 1478 1356 1536 ossi
1403 1484 1730 1539 communi
1763 1483 1861 1540 in-

235 1580 670 1640 termaxillari
714 1577 1018 1656 jungitur.
1095 1576 1410 1637 Proceffus
1434 1582 1705 1656 palatini
1727 1602 1862 1641 non

246 1679 536 1735 deorsum
570 1677 730 1737 *adeo
779 1675 958 1744 flexi,
1004 1689 1077 1729 ut
1118 1677 1188 1732 in
1233 1678 1516 1750 lacertis,
1582 1679 1686 1736 sed.
1729 1680 1863 1745 fere

251 1777 537 1854 aequales
584 1795 729 1831 cum
774 1772 892 1830 offe
938 1773 1329 1850 sphenoidali
1369 1775 1724 1856 junguntur
1767 1779 1865 1840 in·-

250 1874 673 1934 termaxillari
734 1875 1059 1931 communi
1117 1873 1224 1931 osfi
1283 1889 1343 1931 et
1401 1874 1512 1953 ipsi
1568 1880 1867 1939 maxillae
1914 1904 1918 1910 ·

248 1974 552 2034 inferiori.
642 1974 893 2031 Scilicet
938 1972 1332 2051 procellushi
1375 1997 1492 2034 nec
1524 1992 1655 2035 tam
1683 1980 1867 2061 longi

248 2097 364 2134 nec
409 2075 562 2132 adeo
601 2073 795 2130 finem
840 2074 1131 2131 deorsum
1155 2074 1392 2135 flexum
1416 2077 1664 2151 habent,
1713 2099 1867 2158 que-

251 2175 428 2234 niam
475 2195 544 2232 os
589 2173 1095 2231 intermaxillare
1131 2195 1485 2255 ροῃ11111111θ
1521 2176 1704 2236 [itum
1733 2201 1868 2256 non

254 2292 388 2334 tam
444 2289 687 2332 rectum
751 2289 811 2330 et
855 2272 983 2330 fere
1029 2256 1636 2352 perpendicularem,
1681 2294 1756 2336 ut
1799 2259 1870 2337 111

255 2374 529 2448 lacertis,
575 2374 678 2431 secl
723 2375 1452 2451 obliquum'antrorsum
1499 2380 1874 2438 conversum

260 2477 461 2535 habet.
551 2475 702 2532 Ideo
749 2475 1012 2533 maxilla
1058 2474 1324 2534 inferior
1365 2479 1577 2536 multo
1621 2480 1874 2540 brevior

258 2597 444 2655 quam
488 2576 557 2632 in
603 2576 882 2647 lacertis,
955 2596 1183 2653 nempe
1244 2579 1433 2654 paulo
1478 2580 1736 2660 longior
1785 2580 1877 2638 di—

261 2676 455 2733 midia
511 2676 705 2733 cranii
763 2675 1184 2754 longitudine.
1278 2679 1608 2754 Condylus
1657 2680 1880 2757 occipi-

262 2777 345 2835 tis
406 2775 541 2834 finu
600 2775 811 2833 medio
879 2776 1112 2834 divisus
1162 2792 1224 2833 et
1269 2776 1431 2856 quali
1477 2780 1718 2857 duplex
1765 2776 1878 2837 est:

269 2878 604 2934 columella
663 2874 970 2954 proceffui
1028 2879 1308 2954 palatino
1369 2879 1669 2956 utrinque
1740 2878 1883 2938 infi-

268 2967 426 3033 stens
486 2992 548 3033 et
608 2998 677 3034 os
738 2978 1085 3052 temporale
1148 2976 1421 3037 fulciens
1483 2980 1554 3035 in
1612 2981 1881 3051 lacertiS‚

264 3072 422 3130 deest
464 3091 686 3154 utpote
731 3077 966 3133 inutile
1014 3074 1340 3151 futurum,
1416 3100 1565 3137 cum
1610 3099 1680 3136 os
1728 3094 1884 3136 tem-

267 3176 479 3249 porale
523 3177 730 3255 ipsum
761 3177 1064 3254 utrinque
1111 3177 1180 3234 in
1213 3180 1408 3238 latere
1447 3178 1760 3236 deflexum
1789 3199 1885 3235 ce-

1154 3283 1205 3336 Z
1251 3299 1286 3340 2
1793 3297 1887 3334 re·
