2113 3440
1698 168 1819 237 567

132 368 135 372 -
216 336 511 405 gainento
554 322 932 399 iunguntur,
977 318 1081 377 sed
1108 317 1317 376 sutura
1354 318 1462 377 vel
1495 318 1826 378 harmonia

193 427 390 490 ·ve];ut
432 421 503 477 in
550 419 816 498 lacertis,

194 550 206 572 Δ
271 535 277 548 '-

337 542 1192 623 4*Vertebraruni'junctura
1234 548 1421 624 plane
1467 547 1705 605 diversa
1749 549 1824 606 ab

201 645 307 720 ba,
379 645 534 726 quae
589 650 660 706 in
705 640 956 706 lacertis
1001 661 1061 703 et
1106 646 1499 723 serpentibus
1559 646 1827 720 obtinet,

162 757 170 764 ”
207 748 420 827 potius
461 769 605 824 cum
638 747 870 805 fabrica
915 746 1180 824 piscium
1222 746 1528 824 congruit.
1593 751 1826 805 Omnes

211 852 386 906 enini
419 848 488 905 in
531 847 857 927 anteriore}
886 847 979 904 sui
1020 861 1080 903 et
1128 839 1466 923 posteriore
1504 860 1678 922 parte
1735 847 1830 905 in·
1872 891 1875 898 .

207 949 515 1027 sculptam
590 963 818 1030 gerunt
904 947 1238 1005 cavitatem
1318 944 1835 1004 infundibiiisor-

207 1070 395 1121 mem,
429 1045 488 1105 et
515 1041 677 1127 ipsae
710 1047 1032 1108 vertebrae
1074 1044 1183 1102 fibi
1217 1046 1494 1103 invicem
1532 1046 1832 1125 ligamen-

212 1149 297 1206 tis
345 1149 892 1206 intercedentibus
940 1147 1326 1226 junguntur,
1372 1167 1507 1204 non
1545 1147 1834 1205 articula-

212 1263 311 1307 tae
352 1245 454 1307 sed
498 1251 712 1327 potius
760 1249 1038 1307 invicem
1084 1244 1404 1324 appositae.

356 1410 387 1462 5
443 1393 887 1450 Vertebrarum
948 1388 1258 1466 processus
1323 1389 1607 1466 spinosus
1658 1391 1834 1470 supe-

204 1490 337 1547 rior
381 1491 587 1567 qualis
629 1491 699 1545 in
747 1486 1193 1564 amphisbaena
1253 1502 1316 1543 et
1365 1488 1434 1543 in
1486 1491 1836 1548 collaribus

213 1588 430 1663 avium
488 1585 813 1656 vertebris,
866 1584 934 1639 id
980 1582 1060 1640 est
1111 1583 1452 1659 depressus,
1499 1601 1571 1641 ut
1602 1587 1717 1644 nisi
1751 1591 1838 1646 le-

212 1670 560 1744 viscarina
592 1684 712 1742 'vix
766 1696 1075 1761 appareat.
1180 1680 1354 1739 Infra
1408 1683 1476 1740 in
1539 1690 1836 1744 extremi-

216 1798 343 1847 tate
387 1781 726 1862 posteriore
756 1781 1067 1860 processus
1098 1782 1439 1839 retrorsum
1475 1786 1688 1844 versus
1711 1809 1838 1845 rna-

216 1905 380 1966 gnus
422 1883 774 1961 prominet:
821 1882 891 1938 in
924 1881 1237 1939 anteriore
1268 1882 1552 1942 bifurcus
1594 1901 1839 1944 antror-

212 1985 351 2043 sum
416 1983 621 2043 versus
685 1981 1032 2060 processum
1102 1982 1433 2041 anterioris
1510 1987 1851 2046 vertebrae·

219 2105 556 2143 recurvum
598 2083 853 2160 excipit.
943 2082 1065 2140 Sub
1122 2082 1370 2139 laterali
1423 2084 1854 2145 adscendente·

224 2186 462 2265 eminet
508 2181 815 2261 processus
857 2182 1099 2252 brevis,
1147 2183 1412 2262 exiguus
1440 2230 1454 2255 ,
1502 2206 1836 2265 parumper

220 2285 563 2342 retrorsum
605 2284 836 2356 Versus⁵
883 2283 983 2340 cui
1027 2276 1218 2340 altera
1256 2304 1400 2360 pars
1452 2270 1643 2342 costae
1691 2287 1839 2345 bici-

221 2385 373 2461 pitis
416 2378 783 2461 applicatur,
831 2384 1021 2439 altera
1063 2382 1318 2462 longior
1365 2385 1549 2441 lateri
1597 2387 1837 2463 proces-

219 2486 321 2542 sus
371 2483 688 2541 inferioris
731 2483 1094 2540 acclinatur.

353 2617 387 2670 6
433 2609 640 2671 Costae
672 2612 912 2684 breveS,
941 2626 1160 2685 rectae,
1189 2627 1354 2670 retro
1383 2613 1607 2684 versae,
1645 2618 1835 2675 trian-

224 2715 492 2794 gulares,
542 2713 724 2790 supra
768 2713 1057 2790 bicipites
1102 2727 1174 2768 ut
1212 2713 1281 2770 in
1323 2714 1560 2783 avibus,
1592 2717 1836 2774 eodem-
1890 2746 1894 2751 ·

226 2835 347 2891 que
393 2816 581 2890 plane
622 2812 814 2870 niodo
861 2812 1165 2870 vertebris
1205 2811 1580 2894 junguntur,
1638 2816 1723 2873 ita
1766 2804 1838 2874 ut

225 2913 476 2970 brevior
520 2911 732 2970 furcae
777 2913 1050 2990 bicipitis
1104 2933 1242 2989 pars
1281 2929 1342 2971 et
1390 2915 1669 2991 superior
1699 2916 1837 2973 bre-

223 3014 292 3070 vi
346 3012 646 3090 processui
686 3012 792 3070 sub
839 3004 1204 3070 ascendente
1249 3016 1526 3086 laterali,
1569 3013 1836 3073 inferior

221 3113 478 3192 longior
515 3114 698 3171 lateri
741 3111 1050 3192 processus
1100 3111 1338 3177 inferni
1380 3108 1746 3192 applicetur.

1717 3215 1832 3273 Ad*
