2113 3440
1731 168 1814 229 43

212 314 294 374 ti:
358 313 525 369 inter
571 329 728 388 quos
776 307 1000 367 similes
1046 309 1323 368 minores
1375 308 1593 368 seriem
1640 329 1818 367 occu-

213 425 379 492 pant.
470 410 838 467 Maxillares
872 409 1047 487 supra
1092 414 1195 482 16,
1261 408 1424 467 infra
1467 427 1542 489 14
1576 405 1855 485 adsunt,¹

210 511 466 581 breveS,
555 511 860 567 lateribus
919 510 1219 587 utrinque
1266 507 1646 587 compreffis‚
1716 511 1822 568 ob-

210 608 362 681 tufi,
451 609 621 687 apice
665 608 797 676 fere
841 610 1203 668 rotundato.
1301 616 1374 667 In
1422 611 1681 666 maxilla
1728 609 1822 679 sue

209 710 458 788 periore
486 708 797 767 foramina
835 710 1054 766 atisunt
1080 725 1378 788 quatuor,
1427 731 1583 786 quae
1617 710 1823 768 clauso

209 830 319 867 ore
378 811 649 882 intrant,
730 810 1051 866 interdum
1111 810 1299 865 etiam
1361 812 1545 887 plane
1604 809 1825 868 offe-am

210 908 463 967 foveam
533 925 870 987 penetrant
936 910 1154 986 apices·
1204 910 1492 966 dentium
1531 909 1826 966 totidem

209 1008 624 1067 inferiorum:
687 1025 1002 1087 praeterea
1052 1010 1153 1065 sex
1201 1009 1486 1064 dentium
1538 1009 1826 1066 brevium

210 1110 386 1185 paria
445 1108 752 1163 inferiora
813 1109 882 1163 in
931 1106 1265 1182 superioris
1324 1108 1618 1164 maxillae
1667 1129 1842 1164 mar-.

213 1208 361 1287 gine
403 1205 834 1280 impressiones
873 1203 1158 1258 fecerunt
1198 1225 1331 1259 non
1378 1207 1528 1259 adeo
1566 1206 1829 1280 profun-

212 1307 338 1364 das.
423 1303 737 1381 Quaedam
785 1302 860 1357 de
909 1301 1194 1357 dentium
1241 1300 1594 1358 diversitate
1644 1304 1830 1380 speci-

213 1425 393 1462 erum
440 1398 791 1459 differentia
829 1416 1129 1479 arguente
1166 1401 1451 1457 dicentur
1483 1401 1668 1475 infra,
1716 1403 1830 1462 ubi

213 1503 414 1563 cranii
468 1503 746 1579 partium
804 1501 1128 1559 mensurae
1189 1502 1546 1579 traduntur.

386 1607 506 1661 Ore
552 1617 768 1679 aperto
815 1603 1036 1682 lingua
1095 1617 1349 1680 apparet
1392 1603 1690 1660 'maxillae
1735 1603 1830 1661 in-

212 1703 463 1763 ferioris
509 1700 915 1759 interstitium
962 1717 1170 1759 totum
1215 1723 1526 1780 occupans
1569 1704 1831 1782 eiusque

213 1803 491 1883 margini
532 1802 822 1858 interiori
866 1817 1000 1858 tota
1047 1801 1270 1859 adfixa.
1414 1809 1487 1860 In
1537 1802 1847 1881 Siamenfi

219 1900 534 1961 constabat
592 1922 771 1959 carne
838 1902 1161 1986 spongiola
1210 1900 1388 1959 craffa
1436 1917 1496 1958 et
1542 1904 1834 1962 mollius-

219 2005 389 2074 cula,
478 2015 617 2056 cute
677 2015 869 2072 tecta,
959 2002 1054 2057 uti
1100 2003 1414 2078 palatum,
1502 2002 1845 2061 flavicante·

219 2117 282 2160 et
340 2100 652 2163 tuberosa;
740 2101 1095 2180 inlingua
1155 2116 1363 2158 tamen
1405 2091 1551 2159 laxa
1613 2117 1673 2159 et
1731 2126 1833 2161 ru-

217 2201 390 2284 gosa,
464 2201 530 2257 in
580 2201 788 2277 palato
838 2216 1058 2258 contra
1105 2198 1387 2260 adstricta
1434 2203 1787 2279 apparebat.

388 2307 463 2358 In
536 2300 643 2357 suo
717 2302 932 2357 Gallus
1010 2307 1357 2378 Duverney
1435 2302 1724 2382 linguam
1794 2324 1849 2377 3,

220 2401 486 2480 pollices
550 2402 839 2479 longam,
928 2401 1142 2458 versus
1201 2402 1480 2459 medium
1545 2423 1577 2472 5
1629 2405 1831 2463 lineas

218 2504 440 2567 latam,
529 2500 803 2579 margini
861 2499 1152 2558 inferiori
1205 2503 1502 2560 maxillae
1569 2501 1834 2562 inferio-

220 2601 307 2659 ris
380 2615 576 2658 totam
636 2601 945 2677 adnexam
1020 2616 1081 2658 et
1140 2616 1280 2659 cute
1338 2605 1547 2660 multo
1606 2605 1835 2665 latiore

223 2701 593 2770 obductam,
710 2701 1062 2759 innumeris
1142 2701 1563 2762 foraminibus
1623 2710 1835 2782 pertu-

220 2800 377 2873 sam,
426 2821 581 2878 quae
628 2801 702 2859 ad
746 2802 1082 2880 glandulas
1121 2800 1290 2858 infra
1318 2802 1541 2880 positas
1574 2804 1832 2863 ducunt.

214 2972 217 2975 Ι
394 2906 468 2958 In
514 2890 1101 2959 Indico⁰erocodilo
1136 2903 1501 2962 Borrichius
1545 2904 1836 2984 finguam

228 2997 400 3059 craffa
450 3000 714 3078 quadam
776 3002 988 3059 tunica
1035 3003 1372 3061 obductam
1418 3005 1611 3076 vidit,
1698 2989 1838 3061 ¹sub--

225 3093 480 3162 [tantiae
534 3099 942 3175 tenerrimae,
1008 3104 1476 3184 glandulosam,
1564 3103 1835 3162 albican-

1703 3217 1834 3260 tem
