2113 3440
1677 204 1797 262 353

169 348 316 428 gior
377 359 439 404 et
499 338 755 400 craffior.
849 344 1082 398 Omnes
1142 339 1515 399 lacertarum
1572 340 1794 403 dentes

169 445 476 506 structura
524 440 827 499 referunt.
918 439 1229 497 Videntur
1261 438 1334 495 ab
1371 439 1498 516 ipsa
1530 445 1795 511 maxilla

174 546 365 610 oriri:
423 543 628 600 media
677 541 769 603 sui
813 555 989 618 parte
1037 536 1364 611 craffioreS,
1413 540 1567 611 cavi,
1607 543 1790 611 acuti.

171 643 434 705 Narium
461 641 791 713 foramina,
840 639 1054 698 cranio
1104 638 1438 716 insculpta,
1489 642 1793 700 horizon·-

170 745 347 816 talia,
393 741 650 815 sinuata,
698 740 831 798 sinu
875 736 1210 817 posteriore
1255 738 1507 814 majore.
1611 743 1797 809 Oculi

179 843 454 902 cuticula
513 842 651 899 alba
712 842 946 919 operti:
1026 838 1246 918 lingua
1305 839 1495 907 bifida
1564 841 1797 910 brevis.

172 949 370 1002 Poros
418 941 834 1021 papillarium
869 953 1026 996 ante
1072 960 1263 996 anum
1308 937 1647 1016 positarum
1678 962 1796 1003 nu·

164 1042 342 1112 mero
390 1045 661 1101 non-ario
709 1041 784 1100 ad
815 1039 1202 1118 quartarium
1226 1039 1456 1097 variari
1501 1061 1530 1099 a
1563 1056 1795 1100 natura

162 1144 502 1204 annotavit
547 1148 630 1202 W
633 1143 793 1221 eigel
841 1139 912 1197 in
940 1139 1112 1198 Actis
1146 1138 1370 1199 Societ.
1396 1139 1708 1204 Hallenfis
1743 1149 1791 1213 I.

163 1264 225 1321 p.
274 1261 373 1314 51.
464 1243 634 1301 Mihi
676 1241 935 1320 quidem
962 1259 1159 1320 genus
1190 1241 1312 1297 hoc
1339 1228 1634 1298 nondum
1673 1242 1794 1306 rite

162 1342 486 1419 speciebus
542 1342 665 1400 suis
730 1341 1065 1399 definitum
1127 1354 1189 1396 et
1249 1339 1633 1418 descriptum
1678 1339 1794 1398 effe

161 1442 447 1502 videtur:
494 1462 610 1499 nec
638 1441 839 1520 magis
886 1441 964 1497 de
996 1439 1385 1496 habitatione
1413 1455 1473 1497 et
1502 1442 1791 1501 moribus

162 1538 416 1599 constat.
506 1546 676 1618 Quae
709 1537 965 1616 quidem
997 1537 1126 1614 ipse
1156 1533 1522 1596 varietatem
1540 1537 1794 1617 flavam

160 1639 496 1697 Laurentii
543 1640 750 1693 cultro
800 1637 1156 1694 anatomico
1216 1636 1523 1695 scrutatus
1569 1642 1793 1717 reperi,

162 1737 438 1799 fideliter
485 1735 835 1793 annotabo:
893 1735 1062 1790 unde
1107 1733 1325 1791 saltem
1371 1736 1448 1793 de
1493 1735 1793 1797 affinitate

158 1835 351 1911 hujus
400 1837 655 1917 generis
703 1855 847 1892 cum
893 1833 1157 1912 re]iquis
1189 1835 1467 1894 colubris
1515 1835 1790 1902 constare

161 1935 418 2015 poterit.
509 1941 604 1993 De
649 1934 972 2005 moribus,
1032 1954 1187 2011 quae
1232 1956 1264 1992 a
1295 1936 1484 2002 variis
1531 1939 1795 2002 Itinera-

160 2036 405 2101 riorum
450 2034 858 2112 scriptoribus
889 2034 1121 2104 tradita
1164 2034 1403 2108 inveni,
1450 2037 1794 2106 dubitatio-

161 2157 244 2196 ne
288 2136 449 2194 mihi
495 2135 752 2213 quidem
800 2135 978 2192 omni
1025 2156 1231 2193 carere
1276 2157 1407 2203 non
1469 2138 1788 2207 videntur.

163 2238 491 2309 Linnaeus
549 2236 620 2293 in
689 2236 1071 2299 Amoenitat.
1117 2236 1406 2300 Academ.
1452 2242 1788 2312 Lemnum,

159 2337 449 2413 Libyam,
497 2332 846 2412 Ceylonam
893 2349 956 2392 et
1000 2333 1322 2394 Brafiliam
1367 2337 1645 2403 habitare
1683 2339 1790 2410 ait,

159 2436 623 2502 lumbrico‘rum
682 2433 869 2493 instar
937 2435 1278 2494 retrorsum
1323 2452 1384 2494 et
1429 2439 1787 2505 antrorsum

159 2537 476 2616 progredi,
524 2537 905 2614 caudamque
952 2536 1156 2613 capiti,
1202 2538 1353 2595 dum
1382 2540 1639 2616 capitur,
1689 2560 1792 2616 ap-

163 2638 418 2712 plicare,
448 2652 507 2694 et
536 2638 604 2694 in
650 2651 811 2694 terra
842 2635 1147 2708 habitare,
1181 2638 1511 2702 lumbricis
1548 2655 1609 2696 et
1656 2637 1789 2701 for-

159 2736 343 2797 micis
390 2737 697 2799 victitare.
791 2737 1076 2795 Morsum
1104 2737 1377 2817 denique
1405 2760 1436 2797 a
1472 2737 1786 2796 Lusitanis

119 2836 490 2905 'exitialem
555 2837 854 2895 traditum
918 2838 1138 2894 dentes
1197 2859 1331 2896 non
1378 2837 1790 2902 veneniferos

162 2955 428 2995 renuere
474 2934 745 2997 testatur.
838 2943 935 2995 De
982 2938 1182 3014 patria
1234 2945 1479 2998 Lemno
1529 2939 1788 2996 videtur

163 3033 356 3092 fidem
400 3037 674 3095 habuiffe
720 3038 1019 3095 Bellonio
1069 3038 1317 3101 Observ.
1365 3046 1411 3111 I,
1462 3059 1557 3110 51.
1597 3021 1788 3115 q1¹1em

162 3135 377 3210 plures
423 3138 549 3203 viri
595 3138 767 3203 docti
814 3137 1006 3198 secuti
1051 3140 1303 3202 nomini
1365 3138 1626 3214 antiquo
1677 3158 1793 3201 110·

1098 3243 1148 3295 Z
1605 3237 1784 3292 titias
