2113 3440
201 222 336 280 (με

206 361 356 422 haec
416 358 495 417 cle
549 356 765 437 fragili
808 358 1006 438 angui
1071 356 1421 415 annotatio,
1512 354 1687 414 Vidit
1731 365 1844 413 ore

215 473 556 520 exeuntem
600 459 839 517 matris>
865 472 1158 516 mortuae
1203 458 1487 534 pullum,
1547 457 1846 514 alterum-

210 581 334 641 que
379 560 449 618 in
497 560 798 619 dissectae
842 575 1022 618 utero
1069 557 1320 637 reperit.
1412 563 1665 616 Horum
1696 577 1851 615 ven-

211 678 309 723 ter
352 661 539 720 lineis
587 662 830 721 duabus
878 662 1042 721 albis
1091 675 1225 719 erat
1270 673 1567 731 notatuS,
1614 659 1847 737 quibus

216 778 419 824 mater
465 763 728 822 carebat.
815 763 951 842 Ipse
996 765 1066 822 in
1114 763 1300 842 pullo
1348 760 1610 820 caudam
1637 762 1849 818 multo

211 865 618 947 graciliorem
641 886 909 945 corpore
933 864 1169 944 reperi,
1215 862 1426 921 brevis
1475 878 1686 919 tamen
1714 883 1854 919 acu·-

214 964 355 1026 leus
406 966 477 1025 in
535 965 663 1024 fine
722 967 953 1026 aderat.
1049 968 1241 1025 Color
1287 962 1449 1024 dorfi
1492 963 1855 1043 margarita-

218 1087 404 1140 ceu3‚
447 1068 721 1126 laterum
767 1083 831 1127 et
877 1068 1119 1128 ventris
1163 1067 1524 1149 nigricansz
1569 1064 1856 1123 medium

219 1167 475 1228 dorsum
491 1169 661 1227 linea
687 1183 818 1228 atra
844 1169 1187 1229 dividebat.
1235 1168 1436 1228 Series
1459 1167 1857 1246 squamarum

221 1269 568 1328 dorsalium
624 1271 732 1329 sex
790 1292 936 1330 cum
995 1271 1257 1330 dimidia
1303 1285 1479 1349 parte
1519 1267 1859 1348 *proximae

218 1373 666 1452 margaritaceo
712 1372 860 1430 sunt
906 1375 1151 1432 colore:
1224 1371 1486 1430 caudam
1542 1371 1725 1448 supra
1770 1382 1862 1425 te-

222 1487 387 1552 gunt
447 1472 631 1531 series
686 1472 1089 1552 squamarum
1146 1472 1466 1546 majorum
1509 1471 1667 1527 duae
1714 1488 1863 1526 cum

225 1571 558 1630 dimidiata
616 1587 796 1651 parte
854 1573 1183 1652 proximae
1238 1571 1697 1652 margaritaceo
1760 1588 1862 1627 co·

228 1669 369 1730 lore
404 1672 659 1730 tinctae.

354 1772 617 1830 Habitat
661 1793 812 1831 cava
837 1786 1072 1843 terrae,
1119 1792 1307 1851 quam
1349 1768 1479 1847 ipse
1525 1763 1719 1827 rostro
1767 1765 1865 1826 fo-

228 1872 425 1932 dicat:
470 1872 541 1930 in
586 1872 716 1930 sole
761 1887 975 1932 tamen
1020 1871 1311 1931 interdiu
1358 1870 1579 1928 exiens
1628 1869 1865 1947 aprica-

227 1988 354 2033 tur.
442 1972 702 2033 Victitat
725 1974 1081 2048 lumbricis,
1125 1972 1483 2039 scarabaeis,
1529 1971 1721 2043 ranis,
1751 1971 1867 2028 bu-

227 2072 493 2134 fonibus
553 2090 616 2132 et
670 2076 995 2149 muribus,
1063 2096 1223 2155 quos
1283 2075 1657 2153 plerumque
1702 2072 1867 2130 inte-

224 2194 372 2257 gros
419 2176 732 2256 deglutire
790 2177 1022 2235 dicitur
1063 2198 1096 2235 a
1153 2178 1339 2235 Gallo
1387 2177 1460 2232 de
1510 2180 1869 2252 Sept-Fon.

230 2279 424 2334 taines
473 2277 635 2355 apud
680 2278 882 2336 civem
928 2278 1063 2353 ejus
1110 2277 1371 2356 Cepede.
1464 2275 1647 2354 Quod
1704 2272 1868 2331 mihi

228 2376 300 2436 in
345 2391 517 2434 tanta
574 2378 770 2437 rictus
817 2376 1128 2461 angustia,
1190 2377 1312 2438 offe
1357 2375 1863 2434 intermaxillari

233 2478 514 2559 gemino,
561 2493 632 2535 ut
676 2480 743 2537 in
785 2480 1177 2559 serpentibus
1214 2478 1496 2558 reliquis,
1542 2498 1675 2534 non
1708 2476 1867 2535 dila-

236 2579 435 2651 tandi,
483 2579 858 2640 incredibile
902 2583 1177 2641 videtur.
1268 2580 1454 2639 Coitu
1487 2578 1669 2636 sexus
1700 2593 1871 2635 uter-

237 2700 360 2756 que
423 2682 754 2762 copulatus
817 2686 1031 2743 haeret
1088 2683 1331 2742 diutius
1399 2682 1587 2738 horae
1649 2678 1869 2755 spatio:

234 2777 473 2839 femina
518 2780 678 2858 parit
721 2780 929 2844 foetus
978 2787 1185 2843 vivos.
1275 2789 1351 2841 In
1396 2801 1521 2838 una
1570 2799 1638 2849 13
1678 2779 1869 2856 polli—

237 2900 337 2940 ces
385 2883 574 2962 longa
630 2902 734 2954 10,
780 2885 846 2942 in
895 2889 1086 2945 altera
1134 2905 1204 2944 12
1252 2883 1520 2962 pollices
1575 2882 1769 2959 longa
1829 2896 1865 2951 7

238 2978 453 3040 foetus
500 2984 734 3059 reperti
779 2983 1075 3060 fuerunt,
1139 2988 1355 3046 colore
1403 2982 1703 3040 dilutiore
1750 2981 1868 3038 im-

237 3079 409 3153 buti,
471 3080 601 3140 fere
647 3103 719 3139 21
781 3087 981 3146 lineas
1038 3089 1237 3169 longi.
1354 3091 1624 3143 Ineunte
1693 3081 1864 3149 Julio

242 3181 453 3241 mense
497 3184 760 3246 exuvias
805 3187 1162 3269 deponunt,
1207 3186 1376 3268 apud
1409 3186 1702 3267 ignarum
1731 3183 1872 3241 vul·

1751 3300 1869 3365 gUS
