2113 3440
1711 214 1829 268 321

339 364 415 418 In
446 353 668 415 Museo
700 353 864 411 Frid.
897 353 1083 413 Adol.
1124 358 1201 412 II.
1233 372 1290 430 p.
1325 365 1427 427 43.
1465 349 1700 410 notitia
1744 373 1839 410 ac-

215 460 490 518 curatior
524 456 673 512 haec
721 451 932 510 exstat.
1024 453 1234 512 Facies
1302 453 1524 531 anguis
1573 452 1842 529 bipedis,

217 576 443 633 corpus
492 555 978 633 spithanmeum,
1025 550 1467 623 laeviffimum,
1528 553 1843 632 glaucum,

213 655 550 714 ordinibus
597 668 982 731 punctorum
1027 652 1372 730 griseorum
1422 669 1532 723 13,
1578 651 1846 708 maculis

211 755 283 813 in
330 754 580 834 singulo
631 753 852 810 ordine
900 750 1143 809 circiter
1178 750 1473 808 ducenis:
1520 753 1715 809 cauda
1740 750 1850 809 ob-

212 857 346 913 tusa
374 902 387 927 ,
434 852 706 932 squamis
757 851 971 909 subtus
1001 849 1380 925 majoribus,
1428 871 1616 928 quam
1674 864 1852 907 trun-

213 975 344 1027 cus,
397 968 578 1012 tecta.

351 1081 731 1140 Laurentius
773 1079 1040 1158 repetita
1102 1077 1287 1136 brevi
1329 1074 1687 1154 Syftematie
1742 1098 1858 1135 no.-

221 1182 364 1240 titia
425 1203 503 1238 ex
564 1180 786 1239 Museo
849 1179 1164 1238 Turriano
1210 1176 1550 1237 Viennensi
1595 1177 1856 1237 varieta-

225 1297 355 1339 tem
400 1281 656 1359 punctis
705 1278 896 1337 fuscis
942 1293 1227 1336 notatam
1274 1277 1619 1352 subjunxit.
1692 1283 1860 1336 Pun-

224 1396 472 1439 ctorum
515 1381 711 1460 igitur
760 1382 938 1437 color
983 1379 1150 1434 inter
1195 1377 1473 1456 nigrum,
1517 1375 1768 1457 fuscum
1793 1390 1859 1434 et

221 1481 489 1559 griseum
529 1480 828 1536 variatur.
887 1476 1137 1534 Pictura
1184 1477 1420 1533 Sebana
1466 1491 1858 1552 punctorum

219 1581 357 1640 vice
402 1580 679 1636 maculas
728 1576 1016 1655 trigonae
1051 1572 1336 1632 ostendit.

363 1726 563 1799 Quem
610 1718 813 1775 Index
858 1716 1069 1777 Musei,
1095 1715 1434 1774 Linckiani
1479 1737 1593 1794 pro
1626 1719 1863 1779 Melea-

238 1820 414 1901 gride
458 1817 728 1876 Linnaei
775 1837 978 1896 angue
1023 1816 1328 1886 venditat,
1376 1816 1543 1872 inter
1586 1817 1865 1894 picturas

242 1920 578 1978 anecdotas
625 1939 730 1975 no.
763 1930 861 1990 34.
905 1916 1261 1973 delineatus
1308 1935 1418 1991 per
1465 1915 1721 1973 dorsum
1764 1938 1869 1980 us-

240 2041 360 2097 que
411 2019 486 2075 ad
535 2031 884 2074 extremam
931 2015 1190 2072 caudam
1234 2013 1419 2072 series
1469 2015 1868 2092 squamarum

241 2117 754 2187 latiuscularum,
835 2116 1254 2172 rotundarum
1300 2113 1403 2171 sex
1447 2113 1647 2172 limbo
1693 2114 1870 2179 fusco

239 2217 738 2297 marginatarum
768 2215 949 2295 gerit,
994 2214 1357 2293 proximam
1384 2234 1533 2273 vero
1572 2215 1873 2295 utrinque

247 2318 471 2376 seriem
516 2318 763 2374 macula
826 2330 1079 2372 tantum
1137 2313 1305 2373 susm
1360 2314 1430 2371 in
1475 2329 1651 2391 parte
1696 2315 1873 2394 supe-

206 2465 221 2470 ,
253 2418 424 2475 riore
471 2414 812 2496 distinguit.
905 2415 1110 2472 Gauda
1150 2420 1194 2490 ᾗ»
1225 2414 1526 2491 corporis,
1574 2416 1873 2495 gracilior

243 2531 492 2588 umnec,
544 2517 713 2593 apice
761 2515 1011 2595 obtusa:
1079 2515 1252 2572 color
1297 2513 1542 2576 inferni
1587 2517 1872 2594 corporis

245 2638 324 2675 ex
372 2616 608 2674 flavido
658 2616 969 2673 albicans:
1016 2614 1187 2672 oculi
1231 2615 1443 2691 parvi:
1491 2611 1671 2675 rostri
1714 2638 1876 2694 apex

244 2717 496 2797 squama
545 2718 650 2772 vel
696 2716 866 2773 scuto
914 2716 1044 2771 lato
1091 2716 1297 2772 veluti
1342 2717 1515 2775 larva
1561 2715 1876 2789 induitur,

255 2819 359 2878 cui
428 2818 692 2894 superne
767 2835 950 2872 nares
1024 2812 1463 2886 minutiffimae
1534 2815 1915 2892 insculptae

251 2915 411 2974 sunt.
501 2913 635 2975 Post
666 2918 827 2973 hanc
869 2917 1113 2973 larvam
1143 2911 1307 2971 adest
1351 2914 1599 2971 scutum
1645 2915 1880 2988 minus,

255 3017 635 3078 rotundum:
683 3030 972 3072 mentum
1020 3035 1162 3070 cum
1207 3013 1467 3074 dimidia
1513 3013 1668 3070 labii
1700 3030 1880 3091 parte

257 3114 504 3173 scutum
545 3118 745 3173 latum
782 3115 956 3194 tegit,
1004 3128 1075 3170 ut
1121 3114 1190 3170 in
1241 3134 1441 3198 angue
1485 3113 1835 3176 reticulate.

1162 3245 1221 3298 X
1698 3238 1703 3244 ⁸
1739 3242 1881 3298 Gal-
