2113 3440
313 152 398 216 3¹ss
930 169 1329 190 ···············-

312 299 485 360 finus
550 317 773 356 eorum
836 296 907 353 in
953 298 1290 355 cavitatem
1335 297 1755 357 auricularem
1800 297 1948 358 defi-

315 401 437 459 nit.
571 397 828 478 Quaerit
889 398 990 456 vir
1038 398 1294 470 doctus,
1342 420 1502 457 num
1546 400 1733 458 tubae
1779 400 1948 459 forte

315 497 762 562 Eustachianae
819 499 1025 558 vicem
1093 497 1360 580 gerant?
1453 515 1514 557 et
1573 500 1759 559 litum
1819 500 1951 559 for-

313 622 610 680 mamque
659 622 879 659 eorum
920 600 990 657 in
1025 601 1225 678 capite
1257 600 1528 659 Nilotici
1566 601 1951 680 cataphracti
2019 608 2030 615 “’

319 719 383 761 et
439 702 798 762 Americani
856 701 1193 759 imbricato
1239 702 1393 759 sci‘re
1442 703 1637 781 cupit.
1771 691 1950 762 Prae-

316 819 489 862 terea
535 801 825 862 foramen
871 803 1044 860 aliud
1091 802 1195 860 sed
1242 801 1562 884 angustius
1609 804 1779 862 inter
1821 804 1948 862 duo

317 904 695 964 auricularia
766 902 1080 962 foramina
1151 903 1344 961 adesse
1405 906 1522 974 ait3
1611 908 1681 962 in
1740 907 1951 962 nucha

317 1007 511 1064 etiam
558 1004 723 1063 finus
780 1006 906 1062 duo
976 1005 1381 1064 semilunatos
1441 1006 1744 1064 musculis
1792 1005 1952 1062 inse-

317 1107 531 1165 rendis
592 1105 824 1162 servire
886 1117 1107 1180 putat:
1199 1125 1476 1180 quorum
1517 1107 1700 1162 iuxta
1747 1127 1952 1163 cornu

314 1205 586 1265 inferius
656 1203 942 1259 foramen
988 1223 1257 1278 parvum
1303 1204 1619 1283 pertingit
1665 1205 1742 1262 ad
1788 1204 1954 1262 auri-

318 1307 596 1364 cularem
661 1302 1024 1360 cavitatem:
1115 1307 1462 1379 Hucusque
1525 1304 1623 1361 vir
1688 1303 1951 1363 doctus!

489 1411 744 1482 Nupera
841 1401 1197 1480 Syllematis
1277 1404 1633 1461 Lin'naeani
1733 1404 1948 1463 Editio

270 1530 272 1533 ’
318 1529 500 1570 aures
563 1507 829 1563 lineares
889 1498 1114 1576 tradit,
1203 1504 1384 1582 supra
1429 1507 1689 1563 valvula
1739 1504 1948 1563 claufi-

316 1613 446 1670 les:
538 1628 689 1687 quas
736 1605 1009 1683 ineptias
1059 1605 1267 1664 obite-r
1315 1605 1818 1664 commemoraffe
1862 1607 1949 1665 sa-

316 1713 400 1772 tis
465 1708 556 1769 fit.

489 1818 731 1870 Dentes
780 1810 964 1867 habet
1017 1830 1313 1888 magnos,
1399 1809 1793 1889 inaequales,
1882 1822 1946 1866 et

312 1914 380 1975 in
429 1913 693 1971 maxilla
741 1909 1057 1988 superiore
1102 1912 1441 1989 plerosque
1489 1912 1801 1983 exsertos,
1859 1911 1947 1969 ita

312 2031 387 2073 ut
436 2015 625 2070 etiam
673 2032 782 2068 ore
830 2011 1072 2083 clauso,
1166 2032 1307 2068 cum
1353 2011 1517 2067 labia
1563 2033 1694 2068 non
1747 2008 1947 2068 adsint

312 2116 381 2173 in
432 2116 550 2181 hoc
595 2132 853 2194 genere,
930 2109 1089 2169 foris
1137 2111 1494 2188 spectentur
1543 2131 1574 2167 e
1621 2112 1944 2189 superiore

312 2216 581 2276 maxilla
652 2212 946 2271 deorsum
998 2212 1485 2291 prominentes,
1566 2227 1624 2270 et
1682 2213 1945 2291 quidem

315 2315 662 2377 anteriores
698 2334 952 2386 omnes,
997 2309 1291 2391 postremi
1323 2314 1567 2393 aliquot
1604 2335 1735 2371 non
1766 2314 1941 2387 item,

314 2418 693 2499 pectinatim
754 2415 811 2472 se
874 2414 1166 2472 dentium
1222 2415 1374 2472 serie
1442 2436 1566 2473 una
1637 2414 1943 2492 utrinque

315 2517 616 2598 stipante-3
704 2516 854 2573 hinc
932 2516 1256 2574 crocodilo
1331 2516 1571 2573 mersus
1642 2515 1943 2573 horribili

315 2619 656 2678 tenacitate
691 2617 1064 2689 convenire,
1111 2632 1276 2674 recte
1303 2616 1430 2674 iam
1462 2616 1621 2673 olim
1657 2637 1942 2694 pronun-

318 2720 512 2781 ciavit
558 2719 834 2777 Solinus.
939 2718 1167 2775 Canini
1210 2718 1355 2775 sunt
1399 2738 1618 2775 onmes
1667 2732 1728 2774 et
1775 2717 1940 2785 cavi3

314 2823 469 2882 hinc
539 2821 664 2878 iam
738 2819 899 2877 olim
968 2819 1250 2892 Plinius,
1357 2821 1605 2890 Canini,
1693 2817 1938 2896 inquit,

317 2925 521 2981 dentes
564 2921 853 2980 crocodili
883 2915 1094 3002 febres
1126 2913 1334 3000 statas
1377 2934 1614 2990 arcent,
1682 2933 1812 2976 ture
1852 2941 1938 2977 re·

315 3026 491 3102 plebi:
563 3017 711 3105 sunt
758 3022 912 3079 enim
962 3022 1115 3078 cavi.
1249 3019 1365 3078 Sed
1412 3018 1564 3075 alibi
1610 3018 1775 3076 idem
1815 3019 1944 3078 Pli-

314 3122 466 3182 nius
524 3123 781 3184 dentem
838 3120 1148 3181 crocodili
1207 3119 1643 3195 maxillarem,
1749 3140 1937 3178 anne-

1775 3241 1932 3280 xunl

2037 259 2046 297 ἕ
