2113 3440
230 228 359 287 310

220 371 309 434 lis
350 368 593 448 sepium
634 370 873 451 generi,
919 370 1183 430 lineolis
1226 367 1528 430 distincta.
1597 370 1855 454 Lingua

220 470 441 533 obtuse
491 471 907 551 emarginata‚
977 470 1249 528 incisura
1299 471 1500 530 brevi.
1611 475 1857 533 Caudae

218 569 522 651 posterior
565 571 826 631 dimidia
864 593 1012 653 pars
1039 571 1311 651 squamis
1352 571 1587 632 arctius
1615 575 1861 654 appres-

163 706 173 712 α
222 670 300 731 fis
345 669 813 748 distinctisfima,
854 674 1216 746 saturatior,
1263 672 1463 752 magis
1503 675 1732 752 polita,
1779 677 1861 736 ri·

224 772 470 853 gidior,
517 788 590 831 ut
636 777 919 835 crederes
951 778 1111 835 hane
1156 774 1387 833 caudae
1427 790 1674 853 partem
1720 778 1860 838 casu.

226 873 531 952 abruptae
591 893 908 951 renatam,
967 877 1142 957 quod
1189 875 1437 955 sepibus
1488 873 1861 956 frequenter

230 975 474 1045 accidit.
569 981 872 1056 squamae
898 979 969 1039 in
1002 977 1341 1037 abdomine
1367 977 1582 1035 medio
1616 999 1695 1036 ex
1725 994 1862 1041 atro

227 1076 595 1152 plumbeae,
641 1079 1036 1160 marginibus
1075 1078 1274 1160 magis
1315 1079 1668 1158 argenteis,
1715 1084 1867 1159 pha-

224 1176 447 1256 langes
481 1175 878 1239 constituunt
922 1180 1029 1239 sex
1052 1179 1582 1261 longitudinales,
1627 1181 1700 1239 in
1726 1204 1867 1241 cau-

228 1274 309 1333 da
356 1277 615 1338 demum
641 1298 933 1361 quatuor.
1024 1286 1147 1342 Ore
1193 1296 1374 1340 acuto
1407 1282 1715 1353 terebrat3
1762 1306 1868 1363 pa-

228 1374 390 1452 scua,
437 1381 748 1456 ruderata,
795 1383 1072 1444 muscosa
1100 1385 1240 1442 loca
1287 1383 1474 1441 etiam
1500 1384 1576 1442 ad
1599 1386 1732 1443 vias
1765 1387 1870 1445 ha-

229 1475 408 1550 bitat,
456 1495 618 1539 tacta
666 1499 773 1542 aut
819 1484 1111 1562 alioquin
1156 1484 1313 1540 irata
1359 1484 1522 1563 riget
1566 1482 1755 1543 instar
1794 1486 1872 1542 li-

234 1578 368 1657 gni,
417 1594 479 1636 et
502 1596 643 1640 tum
668 1581 859 1642 facile
883 1583 1074 1642 cauda
1118 1582 1385 1660 abrupta
1411 1582 1655 1641 disfilit.
1700 1590 1871 1644 Huc·

233 1697 440 1755 usque
483 1684 902 1756 Laurentius,
967 1681 1078 1761 qui
1122 1681 1347 1759 speciei
1392 1699 1732 1742 caracteres
1757 1706 1872 1762 po-

233 1774 362 1835 suit
407 1781 555 1838 hos:
602 1803 789 1841 aureo
818 1778 1075 1867 fuscus,
1119 1782 1365 1838 ma’cula
1400 1777 1644 1863 frontis
1685 1789 1873 1845 cervi-

236 1879 471 1958 cisque,
533 1903 608 1941 επ
653 1882 868 1962 quibus
921 1883 1081 1942 duae
1137 1883 1389 1942 lineolae
1412 1878 1874 1969 subconciguae

235 1979 739 2063 longitudinales.

365 2123 575 2186 Postea
619 2134 891 2190 Batavus
943 2134 1092 2192 Van
1135 2130 1274 2190 Lier
1309 2127 1380 2188 in
1402 2128 1610 2189 libro:
1652 2131 1873 2192 Traite}

234 2222 346 2283 des
394 2226 658 2306 Serpens
708 2230 793 2288 du
837 2229 972 2310 pais
1019 2230 1096 2288 de
1123 2236 1387 2303 Drente,
1425 2228 1873 2294 Amstelodami

245 2342 407 2398 1731
461 2328 629 2388 edito
677 2345 738 2388 et
780 2332 1124 2391 vernaculo
1167 2334 1536 2411 Gallieoque
1582 2331 1874 2394 sermone

241 2423 516 2505 scripto,
574 2451 636 2508 p.
682 2450 822 2490 222.
865 2430 1272 2512 copiosissime
1319 2431 1632 2512 descripsit
1678 2451 1739 2493 et
1782 2435 1875 2516 pi-

247 2540 427 2586 ctura
470 2531 786 2592 coloribus
833 2534 1033 2593 oblita
1073 2526 1430 2594 illustravit.

391 2691 647 2747 Nomen
707 2692 1040 2772 Belginum·
1090 2692 1144 2751 is
1203 2693 1402 2750 edidit
1462 2694 1874 2769 Hazelworm,

249 2786 690 2862 Haselwurm‚
736 2791 899 2869 quasi
937 2795 1308 2871 corylorum
1353 2793 1491 2870 (sub
1519 2794 1748 2871 quibus
1780 2797 1878 2853 lu·

247 2885 408 2946 bens
456 2890 735 2968 habitat)
790 2914 1072 2952 vermem
1133 2895 1319 2953 dieas,
1367 2895 1563 2952 Gallis
1609 2899 1880 2978 Avoyne

255 3001 318 3043 et
374 2993 599 3063 Orvet‚
655 2992 725 3047 in
767 2996 1078 3075 Aragonia
1126 2995 1455 3074 Hispaniae
1512 2998 1728 3075 Gripia
1777 3020 1882 3058 au·

257 3084 380 3159 dit,
455 3086 602 3148 teste
659 3096 1145 3156 Introductione
1201 3097 1267 3154 in
1317 3097 1689 3174 Zoologiam
1732 3105 1880 3158 Ara-

256 3189 486 3270 goniae
529 3214 591 3271 p.
619 3205 720 3273 94.
752 3195 963 3257 Suecis
1001 3199 1273 3273 Ormsla,
1307 3197 1414 3260 vel
1431 3202 1875 3279 Koppar-orm.

1658 3299 1883 3364 Batavi
