2113 3440
1678 237 1798 296 317

181 391 293 449 the
335 383 491 445 back
535 395 604 439 to
650 381 758 439 the
800 379 990 457 point
1035 375 1109 437 of
1135 376 1242 437 the
1264 376 1406 435 tail:
1446 377 1554 436 the
1586 377 1803 436 others

188 488 449 548 broader
492 482 618 541 and
664 480 1015 560 extending
1060 479 1168 536 the
1212 479 1429 537 whole
1471 479 1698 558 length
1738 466 1810 536 of

183 592 293 650 the
335 583 508 643 fides.

311 690 494 743 Hanc
536 681 836 740 notitiam
858 685 1229 738 Pennantus
1276 691 1590 754 acceptam
1612 674 1810 734 refert

183 785 455 847 Doctori
513 781 736 852 Skene‚
795 779 906 857 qui
952 779 1121 835 idem
1178 775 1292 834 effe
1338 777 1553 848 debet,
1623 798 1810 854 quem

187 885 415 947 Schene
457 881 783 942 Linnaeus
827 877 1208 938 nominavit.
1296 877 1430 953 Ipse
1491 876 1567 932 de
1610 875 1810 952 patria

183 987 387 1044 adhuc
433 982 664 1039 dubius
696 982 924 1037 haereo
939 1000 958 1047 ;
1040 992 1150 1036 aut
1193 977 1411 1055 potius
1462 973 1812 1034 Gronovia·

181 1080 342 1144 num
388 1100 658 1162 anguem
703 1100 782 1137 an
828 1092 995 1137 recte
1044 1098 1188 1134 oum
1231 1076 1468 1134 notitia
1501 1074 1819 1135 Skeniana.

185 1180 640 1262 comparaverit
681 1179 1006 1238 Linnaeus
1053 1176 1321 1256 ambigo.

839 1401 1152 1471 Cerafies·

276 1579 525 1644 Ventris
567 1575 754 1634 albidi
789 1569 1073 1659 squamis
1117 1572 1460 1655 hexagonis
1501 1570 1816 1634 latioribus

357 1680 592 1737 circiter
634 1696 778 1746 200,
820 1675 1052 1731 caudae
1085 1690 1179 1745 15,
1214 1674 1635 1732 maxillarium
1665 1674 1816 1731 duo·

357 1797 499 1839 rum
545 1775 818 1832 dentium
859 1771 1130 1851 apicibus
1183 1774 1508 1831 mamillam
1535 1767 1818 1856 superio-

356 1897 487 1934 rem
521 1869 980 1956 perforantibus
1028 1885 1086 1930 et
1139 1866 1280 1953 post
1323 1873 1529 1930 oculos
1584 1892 1817 1931 cornua

357 1973 802 2033 mentientibus·

315 2081 498 2134 Unus
559 2073 884 2150 hucusque
925 2067 1295 2148 Haffelquist
1338 2070 1411 2128 in
1454 2069 1821 2149 Appendice

192 2173 514 2238 Itinerarii
556 2194 617 2250 p.
651 2176 792 2248 569.
825 2192 930 2230 no,
977 2173 1075 2228 66.
1115 2168 1428 2247 descripsit
1453 2191 1817 2249 nomenque

191 2275 531 2338 Arabicum
581 2271 856 2351 Harbaji
893 2271 1247 2331 annotavit.
1334 2275 1586 2329 Summa
1646 2271 1817 2330 noti-

189 2376 313 2435 tiae
356 2376 509 2432 haec
553 2370 653 2430 est.
740 2371 1111 2451 Longitudo
1159 2372 1445 2449 corporis
1474 2371 1675 2429 totius
1697 2371 1818 2449 spi-

188 2472 541 2536 thamarum
589 2492 660 2545 5,
725 2472 799 2530 ab
846 2492 966 2529 ano
1026 2471 1103 2528 ad
1149 2473 1377 2530 caudae
1423 2471 1663 2549 apicem
1709 2471 1815 2530 ob-

193 2576 404 2635 tusum
447 2574 759 2653 pollicum
805 2592 863 2645 2,
909 2571 1127 2650 capitis
1160 2570 1480 2629 dimidiati
1525 2572 1815 2649 pollicis;

193 2674 476 2736 crassities
537 2673 724 2754 digiti
782 2672 1066 2731 minoriS.
1160 2676 1361 2749 Caput
1416 2671 1815 2751 subtriangu-

192 2777 346 2849 lare,
390 2774 953 2855 parvum,tvertice
999 2792 1222 2850 parum
1260 2770 1622 2850 depressum,
1665 2773 1820 2828 late·

197 2898 340 2934 rum
405 2874 575 2934 infra
647 2875 870 2932 oculos
927 2872 1275 2932 declivium
1336 2870 1458 2948 bafi
1517 2871 1816 2948 protubew

201 2992 381 3034 rante
396 2999 414 3044 ;
460 2973 724 3034 rostrum
750 2973 1078 3045 obtusum,
1141 2971 1313 3029 oculi
1356 2971 1425 3028 in
1470 2970 1678 3028 medio
1724 2990 1818 3028 ca-

198 3076 350 3154 pite,
396 3077 472 3135 ad
517 3079 710 3134 latera
755 3073 1031 3145 verticiS‚
1076 3072 1258 3150 parvi
1296 3070 1593 3142 rotundi,
1638 3067 1816 3129 fusci.

199 3181 392 3236 Nares
437 3175 757 3258 obliquae,
817 3175 890 3233 in
933 3186 1099 3232 recta
1154 3172 1327 3231 linea
1369 3185 1517 3233 ante
1573 3172 1816 3241 oculoS‚

1670 3289 1815 3347 pro·
