2113 3440
859 206 1261 236 ‚..-.....-..5......,.
1756 207 1868 246 121

263 348 415 407 litus
452 342 704 422 -magnis
753 342 1008 401 saltibus
1056 342 1349 412 incitare,
1425 337 1875 420 confestimque

261 467 338 502 ex
386 443 806 521 virgultorum
864 443 1117 500 latebris
1179 457 1575 517 erumpentes
1622 456 1877 520 aquato-

256 563 374 611 res,
420 545 568 599 dum
614 564 833 620 aquam
879 542 1197 608 hauriunt,
1246 543 1532 600 violento
1564 557 1745 619 raptu
1781 542 1876 597 in-

253 656 565 718 terceptos
595 643 907 699 devorare.
997 642 1132 698 Alia
1181 637 1258 696 est
1285 641 1565 713 ejusdem
1601 640 1871 698 auctoris

253 742 530 798 :narratio
586 762 679 800 19..
715 763 761 797 c.
800 757 889 809 15.
927 741 1317 797 crocodilum
1363 741 1436 796 ad
1473 743 1877 816 comprehen-
1914 771 1918 774 ·

257 840 496 897 dendos
544 841 831 899 homines
880 839 1109 897 aliasve
1155 837 1370 896 bestias
1418 840 1530 895 hac
1575 839 1669 894 uti
1729 855 1875 909 arte,

253 955 330 996 ut
373 962 491 1017 qua
536 941 789 996 noverit
835 960 939 996 eos
987 939 1051 995 in
1102 928 1331 995 flumen
1367 938 1737 994 descendere
1768 938 1879 994 Ni-

254 1040 393 1096 lum
451 1042 556 1097 ve}
614 1040 688 1096 ad
749 1038 1149 1116 aquationem
1210 1040 1313 1094 vel
1375 1053 1447 1094 ut
1491 1058 1682 1094 naves
1729 1058 1880 1094 con·

255 1137 569 1208 Lcendant‚
618 1138 782 1194 viani
815 1158 938 1208 ore,
988 1137 1155 1213 quod
1182 1137 1433 1212 quidem
1452 1137 1653 1214 ipsum
1676 1138 1878 1194 multa

257 1238 671 1311 compleverit
716 1234 888 1310 aqua,
937 1235 1013 1289 de
1040 1220 1226 1290 nocte
1271 1235 1661 1305 madefaciat,
1709 1257 1880 1311 prae·-

255 1334 515 1410 cipitem
562 1331 796 1390 efficere
841 1332 1009 1389 viam
1058 1329 1323 1404 studens,
1372 1354 1495 1410 quo
1526 1331 1878 1390 faciliorem

251 1431 367 1492 fibi
414 1447 598 1508 captu
644 1433 936 1508 praedam
981 1432 1215 1491 reddat.
1306 1433 1421 1489 Sed
1448 1435 1594 1489 haec
1630 1430 1880 1489 fabuiae

253 1532 414 1589 anili
458 1530 755 1589 similiora
803 1531 1101 1591 videntur
1129 1554 1314 1609 qnam
1358 1553 1528 1589 vero,
1604 1534 1880 1590 Alteram

254 1647 472 1689 contra
540 1631 1244 1711 ⁴rationenrconfirmat
1306 1632 1640 1690 auctoritas
1712 1632 1879 1690 Gal-li

256 1729 599 1800 doctissimi‚
648 1731 995 1800 lenierz'i,
1043 1731 1218 1803 cujus
1264 1733 1478 1790 locum
1524 1753 1601 1788 ex
1650 1732 1880 1790 Codice

256 1831 608 1890 Blochiano
642 1829 1068 1908 manuscripto
1101 1846 1466 1907 excerp-tum
1500 1829 1644 1908 ipsis
1670 1846 1882 1890 aucto-

253 1930 342 1991 ris
385 1929 590 1987 verbis
638 1930 758 1984 hnc
794 1926 1184 1987 transferam.

400 2033 566 2100 „Cet
624 2028 857 2084 animal
913 2025 1072 2084 n'est
1129 2050 1238 2106 pas
1300 2029 1343 2088 fi
1405 2030 1677 2087 vaillant
1720 2031 1791 2086 ni
1835 2027 1879 2089 fi

251 2128 611 2207 vigoureux
675 2135 773 2203 qu'
793 2147 874 2183 on
936 2131 1209 2186 m'avoit
1266 2130 1469 2189 Voulst
1527 2130 1875 2206 persuades.

253 2227 559 2288 Plufieurs
606 2226 897 2284 habitans
939 2229 1290 2287 m‘avoient
1330 2230 1531 2288 Voulsl
1579 2228 1732 2286 faire
1775 2251 1882 2287 en-

254 2328 477 2385 tendre
523 2347 642 2404 que
687 2328 747 2382 16
792 2327 1084 2384 moindre
1131 2328 1289 2386 e'toit
1333 2328 1484 2387 assez.
1529 2327 1662 2386 fort
1707 2345 1768 2385 et
1794 2330 1878 2386 as·-

252 2428 351 2487 sez
397 2423 640 2484 robuste
697 2447 858 2503 pour
913 2443 1137 2484 mettre
1184 2429 1290 2486 bas
1357 2444 1420 2485 et
1463 2434 1665 2486 meme
1711 2451 1875 2506 pour

255 2527 574 2585 entrainer
618 2547 704 2583 un
753 2524 950 2583 boeuf
992 2548 1074 2584 ou
1116 2550 1204 2584 nn
1252 2530 1471 2588 cheval
1516 2529 1673 2588 dans
1703 2531 1879 2595 reati,

261 2627 473 2705 quand
530 2626 580 2683 il
626 2627 896 2703 pouvoit
952 2628 1013 2683 16
1074 2627 1323 2701 joindre
1385 2651 1468 2686 ou
1526 2650 1604 2684 au
1649 2630 1752 2685 col
1799 2651 1882 2686 ou

257 2748 370 2804 par
414 2728 476 2783 16
511 2712 728 2783 inuste.
820 2727 1187 2803 Cependent
1245 2728 1303 2801 je
1350 2725 1454 2786 fus
1500 2727 1747 2804 pressent
1791 2749 1883 2784 un

259 2825 402 2900 jour
448 2825 480 2883 a
524 2848 611 2882 un
660 2826 958 2903 spectacle
1003 2825 1156 2885 affez
1205 2827 1612 2899 divertiffant,
1661 2843 1723 2883 et
1769 2822 1881 2904 qui

255 2924 542 2984 m'affura
589 2923 675 2982 du
722 2927 1051 2991 contraire.
1140 2933 1278 2984 Une
1337 2927 1610 2985 matine'e
1657 2927 1883 2985 herbo-

260 3024 451 3082 risant
494 3027 554 3083 16
599 3028 755 3105 long
803 3026 886 3081 du
932 3027 1029 3083 Iac
1074 3026 1148 3082 de
1179 3028 1505 3106 Miragoan
1551 3026 1607 3101 je
1647 3027 1747 3084 vis
1792 3049 1880 3082 un

262 3135 515 3182 taureau
575 3127 683 3204 qui
741 3123 971 3204 suyant
1033 3140 1250 3206 quatre
1325 3127 1541 3186 chiens
1609 3125 1668 3184 se
1733 3126 1884 3201 ‘jetta

1725 3226 1882 3284 dans
