2113 3440
1636 155 1753 217 159

795 275 1100 395 Pol-osas.

265 498 481 563 Limbo
541 502 905 579 plantarum
962 500 1437 577 palmarumque
1492 497 1582 552 uti
1626 516 1756 553 cru-

141 624 275 662 rum
302 601 806 679 brachiorumque
849 614 1099 658 externo
1134 593 1416 679 squamis
1452 597 1593 653 lacis
1617 618 1756 653 acu-

140 705 214 760 tis
260 694 511 781 cristato
544 697 662 784 seu
693 696 963 785 serrato,
1010 694 1278 776 squamis
1288 677 1603 779 scutisque
1627 717 1754 754 cor-

136 804 301 881 poris
345 822 499 880 poro
544 795 820 880 pertufis.

305 901 571 960 Limbus
644 896 1063 958 cultriformis
1116 911 1180 954 et
1238 892 1519 954 cristatus
1549 894 1758 952 multo

136 1002 330 1060 latior
376 1003 568 1058 latera
617 1002 982 1078 plantarum
1028 1012 1090 1054 et
1135 1017 1389 1054 crurum
1425 993 1758 1072 praetexit.

137 1104 500 1162 Palmarum
545 1099 732 1180 digiti
777 1099 945 1156 terni
986 1096 1184 1155 medii
1227 1095 1592 1153 membrana
1651 1115 1761 1152 an—

137 1198 326 1282 gusta,
374 1201 544 1259 inter
590 1201 860 1256 alterum
907 1212 970 1253 et
1011 1196 1273 1253 tertium
1316 1195 1528 1251 tamen
1556 1193 1757 1271 magis

139 1300 490 1377 conspicua,
534 1297 918 1377 junguntur:
975 1297 1337 1373 plantarum
1383 1292 1571 1371 digiti
1616 1313 1761 1369 qua-

137 1399 309 1458 terni
355 1417 575 1456 omnes
612 1397 889 1474 palmati,
934 1395 1300 1452 membrana
1332 1393 1406 1451 ab
1453 1393 1760 1450 interiore

137 1519 340 1577 usque
379 1498 456 1555 ad
482 1497 814 1569 extimum,
861 1495 1052 1554 tertio
1082 1493 1492 1574 longitudine
1521 1513 1759 1570 parem,

138 1597 357 1660 senfim
398 1597 753 1655 latescente.

284 1705 362 1759 In
415 1698 619 1755 tribus
680 1692 915 1778 Musei,
943 1689 1395 1777 Goettingenfis
1448 1693 1761 1772 exemplis

141 1799 556 1860 mirabundus
612 1797 891 1874 primum
945 1815 1165 1853 omnes
1241 1795 1523 1871 corporis
1592 1794 1764 1871 squa-

141 1920 276 1959 mas
335 1919 480 1957 cum
534 1896 723 1954 scutis
782 1895 993 1954 versus
1053 1891 1455 1972 posteriorem
1514 1907 1763 1972 partem

139 2001 310 2059 suam
353 2019 510 2076 poro
531 1995 810 2074 pertusas
855 1995 1012 2066 vidi,
1059 1997 1274 2072 quales
1320 1993 1444 2068 jam
1474 2008 1655 2050 antea
1687 1994 1767 2053 in¹

143 2100 389 2178 aliquot
456 2099 832 2155 lacertarum
887 2095 1287 2156 ventralibus
1345 2094 1614 2172 squamis
1671 2114 1764 2152 re-

141 2220 439 2280 pereram.

283 2306 360 2359 In
419 2299 718 2376 exemplo
774 2292 982 2380 IWusei
1025 2295 1347 2357 Blochz'ani
1392 2293 1609 2354 foveas
1658 2316 1761 2376 ge-

142 2402 345 2459 minas
394 2399 705 2482 ellipticas
754 2397 1039 2475 obliquas
1072 2392 1204 2474 post
1247 2395 1481 2453 orbitas
1514 2410 1764 2453 tentan-

144 2502 225 2560 do
271 2522 406 2558 non
464 2500 600 2558 vidi
659 2498 760 2556 sed
805 2495 990 2566 senfi,
1051 2496 1350 2555 musculis
1398 2495 1655 2573 desuper
1703 2510 1764 2553 et

145 2616 285 2660 cute
333 2599 660 2659 communi
715 2612 928 2656 tectaS.
1039 2601 1372 2654 Scutorum
1418 2597 1763 2655 dorsalium

146 2723 343 2760 zonae
388 2699 664 2780 singulae
697 2717 728 2768 3
765 2699 929 2755 scuta
960 2697 1168 2754 ovalia
1200 2698 1471 2755 carinata
1506 2698 1761 2769 habent,

145 2803 348 2860 media
394 2817 601 2858 autem
646 2799 793 2856 bina
841 2797 1171 2876 quadrata:
1246 2797 1529 2856 ovalium
1572 2797 1770 2853 inter-

149 2898 327 2959 [titiis
374 2900 643 2957 inferius
689 2898 1014 2955 interserta
1076 2897 1549 2975 conspiciuntur
1595 2896 1764 2953 scuta

150 3000 412 3058 minima
457 3001 564 3058 seu
608 2999 966 3079 squamulae
1010 2997 1332 3077 trigonae,
1404 2998 1558 3055 item
1605 3016 1767 3073 poro

153 3100 444 3177 pertusae.
1132 3114 1135 3117 ’

1516 3197 1765 3256 Pictura
