2113 3440
312 147 435 203 160

383 300 385 302 ’
435 298 690 358 Pictura
737 299 1028 359 Sebanal
1053 303 1303 360 tabulae
1342 316 1461 378 104
1489 301 1593 384 fig.
1650 303 1763 365 12.‘
1793 303 1960 363 hanc

309 385 613 478 speciem'
656 401 920 459 reddere
978 400 1245 460 voluiffe
1309 403 1564 462 videtur
1584 426 1602 473 3
1690 404 1794 462 sed
1865 426 1962 464 ro-

308 488 505 560 strum
575 498 735 576 justo
812 502 1072 562 brevius
1146 499 1244 563 est.
1360 504 1572 585 Magis
1651 506 1962 565 convenit

308 604 559 681 pictura
625 603 694 660 in
757 605 1025 663 Knorrii
1088 605 1355 665 Deliciis
1404 606 1647 666 selectis
1693 623 1961 666 naturae

316 704 509 762 Tomi
554 708 616 764 II
659 705 781 765 tab.
817 712 889 764 L.
926 711 1013 768 IV
1058 705 1356 786 expressa,
1398 707 1570 768 inter
1607 704 1961 771 mediocres

311 807 546 867 multas
595 805 742 866 satis
788 808 970 868 bona.

901 1038 1375 1108 Longirostris.

441 1206 669 1294 Rostro
698 1207 1071 1296 Zorzgffm0‚
1099 1209 1390 1297 angustO,
1422 1211 1571 1299 fere
1598 1219 1961 1300 cylindri60‚

314 1313 502 1371 limbo
547 1317 797 1392 pedum,
845 1314 1239 1374 brachiorum
1285 1339 1651 1395 crurumque
1672 1314 1962 1400 squamis

304 1408 575 1496 serram,
612 1412 898 1498 squamis
931 1414 1049 1499 seu
1084 1413 1284 1499 scutis
1312 1420 1623 1496 utriusque
1659 1420 1964 1477 maxillae.

318 1516 459 1572 colli
503 1519 731 1575 ventris
775 1532 833 1575 eb
879 1519 1119 1577 caudae
1161 1521 1404 1598 primae
1445 1539 1602 1599 poro
1641 1514 1920 1602 pertufis.

446 1616 698 1675 Primus
747 1616 1068 1696 descripsit
1115 1634 1176 1676 et
1222 1619 1442 1697 pinxit
1480 1620 1698 1694 junius
1727 1620 1963 1679 animal

319 1737 464 1774 cum
509 1717 682 1775 facco
731 1716 1088 1777 iimbilicali
1133 1721 1341 1777 adhuc
1402 1721 1781 1779 adhaerente
1827 1722 1964 1780 Bri-

318 1832 560 1877 tannus
607 1819 918 1879 Edwards
967 1840 1137 1879 anno
1192 1824 1353 1895 1756
1400 1821 1471 1878 in
1517 1822 1693 1881 Actis
1739 1824 1964 1882 Societ.

317 1919 531 2000 regiae
591 1922 877 1980 Londin.
946 1924 1088 1983 Vol.
1139 1936 1240 2001 49.
1314 1922 1439 1980 tab.
1493 1945 1587 2001 19.
1678 1923 1968 1983 Succeffit

321 2022 709 2096 Gronoviu8‚
758 2023 937 2099 cujus
987 2023 1330 2102 descriptio
1376 2023 1572 2083 nimis
1618 2025 1830 2085 brevis
1860 2047 1967 2084 ex-

320 2118 436 2180 stat
493 2122 562 2181 in
625 2126 1065 2204 Zoophylacio
1110 2147 1215 2185 no,
1265 2140 1365 2200 40.
1458 2126 1787 2184 Gronovio
1834 2126 1966 2185 suc-

323 2222 487 2282 cessit
535 2227 755 2286 Gailus
806 2228 1070 2306 Cepede‚
1118 2227 1230 2307 qui
1257 2229 1468 2286 multo
1509 2227 1963 2286 accuratiorem

322 2327 630 2385 notitiam
677 2328 970 2387 animalis
1019 2328 1153 2387 fere
1206 2351 1276 2388 12
1326 2330 1518 2407 pedes
1576 2328 1760 2409 longi
1819 2350 1966 2388 cum

324 2429 574 2505 pictura
631 2430 883 2488 minuta
944 2431 1055 2489 sub
1123 2432 1390 2488 nomine
1446 2431 1679 2490 Gaviczl
1734 2430 1964 2507 posuit.

324 2530 591 2587 Habitat
638 2529 846 2605 bestia,
893 2532 1074 2606 cujus
1121 2553 1331 2590 mores
1365 2531 1755 2611 ignoramus,
1803 2536 1965 2589 Gan-

326 2650 470 2710 gem
516 2632 805 2710 aiiosque
852 2634 1083 2693 fluvios
1133 2634 1349 2691 Indiae
1395 2631 1754 2704 orientalis,
1784 2646 1785 2649 ’
1814 2632 1964 2689 inde

327 2732 712 2811 Gangeticus
762 2736 1123 2794 crocodilus
1172 2735 1246 2793 ab
1293 2734 1433 2792 aliis
1476 2732 1657 2791 dicta.

456 2839 533 2891 In
596 2839 890 2913 exempio
953 2839 1307 2915 chmpicmo
1379 2833 1744 2891 membrana
1793 2831 1963 2891 inter

325 2936 684 3011 palmarum
733 2937 1011 3017 digitum
1055 2938 1320 2994 tertium
1366 2949 1427 2991 et
1478 2949 1770 3012 quartum
1818 2955 1965 2991 con-

329 3036 647 3113 spicienda
692 3041 885 3114 paulo
932 3039 1125 3097 latior
1175 3035 1254 3095 est
1297 3037 1467 3093 inter
1516 3036 1771 3092 eosdem
1808 3034 1966 3114 digi-

329 3151 431 3194 tos
479 3141 863 3215 plantarum.
955 3140 1219 3198 Limbus
1254 3138 1649 3218 squamarum
1694 3136 1962 3193 serratus

1725 3235 1962 3293 brachi-
