2113 3440
1712 211 1832 267 355

229 355 363 416 zeri
408 347 677 429 expreffa
704 348 851 420 fuit,
898 350 1175 406 colorem
1206 347 1448 407 ventris
1478 368 1613 407 non
1642 351 1841 430 magis

228 475 413 535 quam
458 451 731 508 imitatio
781 448 1074 507 reddidit.
1164 449 1447 506 Eandem
1496 450 1657 507 mihi
1700 465 1841 509 tuni

220 553 552 614 videbatur
600 551 864 628 speciem
914 549 1152 625 pictura
1198 548 1430 605 Sebana
1464 554 1540 607 II.
1589 549 1709 606 tab.
1738 568 1838 620 25.

219 653 321 733 fig.
372 675 422 709 1.
471 650 800 716 aemulari,
879 647 1053 722 cujus
1116 647 1349 704 notitia
1412 650 1564 705 11666
1609 649 1838 707 tradita

219 753 488 833 legitur:
534 750 771 831 Ibyara
821 742 1280 829 Brafilienfimn
1321 747 1541 805 rubore
1599 750 1838 806 coralli-

215 873 294 909 no
350 873 460 930 per
512 846 758 931 dorsum
805 849 1102 928 pingitur,
1150 847 1296 912 dum
1335 860 1606 904 ventrem
1645 851 1840 905 varie·

215 967 335 1033 gat
375 953 567 1008 diluta
622 948 864 1006 ricbecZO.
955 948 1200 1005 Pictura
1247 959 1458 1003 tamen
1504 946 1609 1004 ani
1634 946 1839 1026 regio·-

216 1050 362 1109 116111
409 1071 543 1108 11011
584 1047 950 1128 designavit.

341 1147 548 1210 Postea
608 1144 812 1230 D¹Izcsei
870 1146 1183 1206 Linclziczni
1249 1145 1564 1223 amphibia
1623 1147 1835 1223 perlu-

213 1248 408 1309 strans
483 1249 683 1306 incidi
752 1248 821 1304 in
880 1248 1246 1323 exemplum
1308 1246 1453 1303 satis
1530 1249 1833 1324 amplum,

214 1351 387 1428 quod
434 1370 574 1407 cum
618 1345 759 1424 ipsis
809 1347 1164 1415 coloribus,
1208 1345 1437 1423 quibus
1482 1366 1698 1404 recens
1743 1347 1836 1405 vi-

211 1471 407 1506 naceo
455 1449 704 1524 liquore
752 1446 1003 1502 condita
1028 1442 1210 1501 bestia
1256 1446 1457 1501 tincta
1504 1461 1649 1518 erat,
1697 1448 1834 1504 red-

212 1548 310 1605 dit
334 1547 581 1625 pictura
613 1546 784 1602 inter
831 1543 1163 1601 anecdotas
1192 1544 1578 1602 Linckianas
1616 1565 1715 1618 50,
1752 1567 1832 1603 ex

210 1667 333 1723 qua
391 1643 664 1720 expreffa
724 1641 805 1700 eft
848 1643 1062 1699 tabula
1112 1645 1638 1702 Scheuchzeriana
1687 1650 1827 1722 629.

209 1750 276 1804 F.
366 1743 609 1800 Notitia
655 1742 1068 1799 Scheuchzeri
1093 1757 1280 1818 caput
1307 1744 1651 1801 diademate
1683 1747 1827 1803 albo

212 1858 602 1915 coronatum,
634 1841 888 1899 dorsum
921 1841 1064 1899 albo
1095 1842 1405 1921 nigroque
1432 1842 1828 1919 tessellatum,

210 1945 311 2001 uti
357 1943 543 1999 etiam
587 1957 877 2000 ventrem
923 1962 1001 1998 ex
1047 1943 1190 1999 albo
1238 1941 1647 2016 flavicantem‚
1691 1966 1829 2003 cau-

210 2045 357 2101 dam
404 2062 597 2099 zonas
624 2039 964 2098 atrofuscas
1013 2042 1308 2119 albasque
1335 2043 1585 2122 cingere
1611 2044 1827 2104 refert.

208 2140 390 2202 Dorfi
435 2142 719 2219 squamae
750 2141 896 2198 sunt
925 2142 1279 2214 rhombeae‚
1313 2162 1391 2198 ex
1429 2158 1565 2200 atro
1592 2140 1824 2218 fuscae,

207 2243 631 2300 interlucente
701 2242 977 2299 cuticula
1037 2242 1173 2299 alba
1244 2257 1307 2298 et
1362 2243 1566 2300 veluti
1621 2244 1823 2303 limbo

209 2342 486 2420 squamas
514 2343 835 2421 cingente:
880 2342 1090 2399 versus
1115 2344 1308 2400 latera
1331 2342 1614 2420 squamae
1647 2348 1825 2422 paul-

207 2444 385 2501 latim
430 2435 693 2516 majores
740 2441 934 2499 factae
979 2456 1308 2499 transeunt
1352 2444 1421 2500 in
1460 2445 1820 2525 hexagonas

212 2557 273 2598 et
318 2542 863 2599 rotundiufculasz
910 2542 1018 2598 sub
1076 2531 1296 2600 ventre
1343 2559 1404 2600 et
1451 2545 1642 2601 cauda
1689 2566 1823 2603 om-

207 2642 390 2699 nium
456 2643 600 2699 sunt
660 2643 1000 2701 maximae:
1050 2643 1316 2701 Duobus
1363 2645 1583 2721 capitis
1635 2645 1819 2703 scutis

203 2743 496 2799 maximis
555 2740 686 2819 post
742 2742 969 2799 nasalia
1026 2740 1154 2800 fitis
1199 2746 1478 2802 maculae
1523 2746 1680 2802 duae
1725 2746 1822 2802 in-

206 2842 352 2898 sunt
385 2843 578 2913 albae,
615 2842 1159 2900 rotundiusculae:
1198 2844 1446 2921 occiput
1476 2866 1618 2902 cum
1646 2847 1816 2903 collo

209 2943 436 2999 anulus
502 2943 678 3000 albus
738 2943 965 3022 cingit:
1042 2945 1196 2999 alter
1271 2943 1483 3002 1111111113
1529 2960 1817 3004 ventrem

206 3042 606 3116 amplectitur
653 3057 714 3099 et
758 3046 970 3114 latera,
1016 3045 1241 3101 tertius
1290 3047 1480 3122 paulo
1527 3045 1715 3102 altior
1745 3046 1815 3103 111

206 3138 386 3196 dorso
432 3155 642 3200 tamen
686 3163 820 3201 non
868 3143 1024 3201 coit:
1084 3159 1340 3224 quartus
1385 3144 1810 3203 semicirculus

1660 3266 1813 3304 ven-
