2113 3440
231 185 353 257 356
935 200 1017 205 ,ψ
1074 200 1134 205 ,

232 339 401 401 rebri
446 334 779 395 cavitatem
805 335 1076 393 claudat:
1123 335 1448 395 vertebrae
1474 338 1630 397 colli
1679 356 1735 412 3,
1768 334 1870 398 se-

233 440 437 500 cunda
482 426 840 516 processum
877 436 1199 514 spinosum
1243 435 1616 499 inferiorem
1660 441 1872 520 dupli·-

232 562 369 601 cem
413 539 614 609 habet,
662 536 828 616 quafi
875 558 953 594 ex
1001 539 1246 597 duabus
1277 539 1523 598 coalita.
1611 546 1688 599 In
1725 563 1863 603 ver-

230 643 407 701 tebra
456 662 488 719 5
536 637 847 718 proceffus
893 639 1175 718 spinosus
1223 637 1495 698 inferior
1551 642 1863 704 minimus

232 741 409 803 adest.
499 741 797 801 vertebra
843 755 882 816 4
911 742 987 798 ad
1028 761 1098 813 13
1148 741 1327 816 juxta
1375 742 1730 820 capitulum
1766 765 1870 804 ro·

231 845 513 903 tundum
572 842 674 900 seu
740 842 923 900 tuber
983 842 1259 900 inferius
1318 844 1557 901 habent
1631 848 1871 923 promi-

228 963 493 1009 nentem
537 942 886 1022 processum
912 945 1237 1001 minutum
1266 946 1709 1020 rotundatum,
1758 948 1870 1026 qui

225 1051 295 1108 in
337 1064 410 1122 14
445 1045 740 1104 vertebra
785 1047 1009 1104 nullus
1058 1062 1331 1124 apparet.
1407 1032 1602 1105 Usum
1635 1048 1865 1110 nescio,

226 1156 431 1228 Caput
475 1147 914 1205 vertebrarum
960 1164 1186 1206 cavum
1250 1149 1609 1226 applicatur
1656 1148 1871 1207 tuber-

228 1253 373 1310 culo
421 1265 609 1327 atque
636 1247 816 1326 super
845 1269 918 1307 eo
967 1252 1388 1309 convertitur.
1458 1257 1652 1317 Juxta
1680 1266 1870 1331 caput

226 1372 452 1411 cavum
496 1351 740 1408 collum
786 1351 892 1407 seu
937 1349 1248 1428 proceffus
1298 1367 1469 1410 retro
1518 1368 1579 1411 et
1624 1353 1868 1413 sursum

227 1454 466 1511 eminet
509 1452 580 1507 in
626 1447 966 1527 posteriore
1012 1453 1208 1506 latere
1256 1451 1482 1523 costae,
1533 1468 1603 1510 ut
1647 1455 1717 1511 in
1766 1475 1868 1512 co-

224 1554 415 1612 lubro
461 1549 725 1620 natrice,
772 1549 875 1605 sed
923 1549 1166 1606 collum
1213 1551 1335 1607 hoc
1364 1549 1526 1608 deest
1571 1554 1641 1609 in
1673 1555 1868 1612 lacer·

222 1658 345 1725 tis,
394 1650 603 1708 saltim
649 1648 875 1718 scium,
925 1662 1145 1704 contra
1191 1646 1355 1705 adest
1401 1650 1470 1705 in
1518 1653 1714 1730 angui
1741 1651 1864 1711 fra·

224 1754 361 1836 gili.
453 1750 891 1808 Tuberculum
937 1747 1128 1805 etiam
1174 1749 1548 1825 prominens
1575 1750 1744 1810 infra
1769 1773 1864 1812 ca-

217 1855 504 1934 pitulum
546 1849 900 1907 rotundum
947 1849 1079 1926 (cui
1125 1847 1283 1907 costa
1331 1853 1714 1931 applicatur)
1757 1857 1858 1913 ad-

221 1953 301 2014 est
347 1956 417 2012 in
464 1951 765 2011 omnibus
812 1951 1073 2008 natricis
1121 1952 1449 2026 vertebriS,
1498 1953 1565 2011 in
1601 1956 1858 2016 lacertis

217 2053 398 2114 deest.
485 2053 818 2114 vertebrae
864 2054 1227 2132 iunguntur
1271 2052 1384 2111 fibi
1439 2055 1718 2115 invicem
1765 2080 1859 2116 ca·-

217 2158 427 2237 pitulo
497 2154 776 2211 rotundo
841 2155 1178 2212 anterioris
1219 2149 1565 2214 ‘vertebrae
1612 2157 1852 2219 inserto

219 2257 480 2315 cavitati
524 2251 882 2332 posterioris
930 2271 1002 2312 ut
1049 2256 1116 2313 in
1150 2259 1422 2316 lacertis.
1514 2263 1749 2318 Contra
1779 2263 1852 2320 in

219 2358 462 2416 natrice
508 2359 670 2414 hanc
716 2354 1079 2429 juncturam
1125 2357 1336 2417 firmat
1398 2356 1566 2417 infra
1613 2363 1855 2439 proces-

219 2460 319 2518 sus
368 2458 652 2536 spinosus
703 2478 781 2514 ex
827 2457 954 2515 fine
1001 2461 1339 2519 anterioris
1387 2461 1711 2521 vertebrae
1760 2466 1852 2522 su-

219 2581 332 2638 per
380 2559 641 2617 alterius
668 2559 930 2618 initium
961 2561 1285 2640 ipsamque
1310 2562 1675 2635 juncturam
1703 2568 1852 2623 emi·

217 2678 400 2719 nens.
490 2667 565 2718 In
620 2661 855 2718 natrice
908 2681 1104 2740 porro
1175 2662 1486 2740 process‘us
1559 2666 1846 2724 laterales

218 2762 664 2819 adscendentes
711 2761 889 2836 juxta
918 2764 972 2821 se
1020 2763 1413 2821 eminentem
1444 2764 1674 2822 habent
1707 2788 1849 2843 pro-

219 2861 443 2920 cessum
485 2864 917 2936 rotundatum,
968 2866 1077 2943 qui
1112 2865 1846 2926 vertebrarum‘motum

217 2963 427 3020 versus
473 2964 790 3020 anteriora
837 2965 1146 3043 impedire
1194 2968 1464 3024 videtur.
1532 2967 1845 3027 Process'us

218 3060 499 3137 spinosus
548 3064 826 3139 superior
874 3087 1019 3122 cum
1065 3069 1431 3124 lateralibus
1461 3068 1710 3127 duobus
1740 3070 1844 3126 de-

215 3160 657 3221 scendentibus
719 3168 985 3224 coalitus
1055 3189 1322 3255 parvpm
1371 3167 1617 3225 firmum
1666 3169 1843 3228 vesti-

1657 3270 1764 3350 giu
1773 3291 1836 3328 m
